physicalTime,priceRaw,volume
1425851986461,207375,5
1425852000210,207350,1
1425852000211,207325,3
1425852000212,-207350,1
1425852000213,207375,2
1425852000225,-207350,2
1425852000229,207325,1
1425852000246,207350,5
1425852000288,207375,15
1425852000329,207350,3
1425852000332,207325,2
1425852000337,-207350,1
1425852000342,207375,1
1425852000345,-207350,0
1425852000346,207325,0
1425852000351,-207350,0
1425852000356,207375,0
1425852000364,-207350,0
1425852000372,207325,0
1425852000400,-207350,3
1425852000428,207375,4
1425852000477,207400,8
1425852000486,-207375,1
1425852000489,207350,1
1425852000507,207325,6
1425852000508,-207350,0
1425852000509,-207375,0
1425852000510,-207350,0
1425852000511,-207325,0
1425852000512,-207350,0
1425852000513,-207375,0
1425852000514,207400,0
1425852000517,-207375,0
1425852000526,207350,0
1425852000545,207375,3
1425852000664,207400,6
1425852000782,207375,3
1425852000833,207350,2
1425852000883,207375,8
1425852000931,207400,13
1425852001024,-207375,11
1425852001025,-207350,1
1425852001026,-207375,1
1425852001027,207350,1
1425852001029,207325,2
1425852001032,207350,4
1425852001076,207375,8
1425852001120,207350,1
1425852001164,207375,2
1425852001201,207400,31
1425852001274,-207375,3
1425852001275,207350,0
1425852001306,-207375,9
1425852001337,207400,27
1425852001466,-207375,12
1425852001478,207350,1
1425852001525,-207375,0
1425852001572,207400,0
1425852001708,-207375,3
1425852001844,207350,3
1425852002024,207325,1
1425852002081,-207350,1
1425852002138,207375,1
1425852002250,207350,3
1425852002362,207375,2
1425852002571,207400,15
1425852002779,207375,10
1425852002987,207400,1
1425852004038,207425,32
1425852005089,207400,44
1425852005617,207375,15
1425852006145,207350,2
1425852006673,207375,14
1425852007741,207400,1
1425852008809,207375,14
1425852010504,207350,34
1425852012198,207375,9
1425852013892,207350,7
1425852018850,207325,34
1425852023807,207350,15
1425852028764,207325,34
1425852030473,207300,19
1425852032181,207325,4
1425852033889,207300,34
1425852035639,207275,20
1425852037388,207300,37
1425852039137,207275,19
1425852039296,207250,22
1425852039454,207275,12
1425852039544,207300,4
1425852039633,207275,3
1425852040341,207250,16
1425852041049,207275,1
1425852041757,207250,2
1425852044007,207225,8
1425852046257,207250,21
1425852050366,207275,16
1425852054474,207250,24
1425852058582,207275,11
1425852064614,207300,23
1425852070646,207275,10
1425852076678,207300,16
1425852078844,207325,23
1425852081008,207300,7
1425852083172,207325,23
1425852093234,207350,80
1425852103294,207325,35
1425852113354,207350,23
1425852115479,207375,1
1425852117604,207350,8
1425852134610,207325,39
1425852151615,207350,42
1425852168620,207325,4
1425852178975,207300,48
1425852189330,207275,39
1425852232325,207250,194
1425852275319,207225,101
1425852314597,207200,86
1425852353874,207175,57
1425852354836,207150,6
1425852355798,207175,42
1425852358564,207200,3
1425852361330,207175,23
1425852406636,207150,177
1425852451941,207125,104
1425852493342,207100,204
1425852534742,207075,178
1425852534745,207050,127
1425852534746,207025,6
1425852534747,207050,127
1425852535040,207075,40
1425852535332,207100,48
1425852539309,-207075,17
1425852543286,207050,17
1425852551240,207075,2
1425852559193,207050,34
1425852569769,207025,14
1425852580345,207050,35
1425852585078,207075,19
1425852589811,207050,28
1425852594544,207075,18
1425852612708,207100,11
1425852630872,207075,96
1425852694541,207050,132
1425852758208,207075,137
1425852821875,207050,48
1425852841165,207025,110
1425852860455,207050,17
1425852871393,207075,1
1425852882330,207050,46
1425853030420,207025,147
1425853178509,207050,736
1425853326598,207025,23
1425853327053,207000,54
1425853327506,207025,25
1425853327959,207000,147
1425853327960,206975,31
1425853327961,207000,4
1425853328003,207025,2
1425853328045,207000,4
1425853329556,206975,86
1425853331066,207000,30
1425853332576,206975,2
1425853332608,206950,9
1425853332639,206975,1
1425853332640,207000,1
1425853334012,-206975,99
1425853335384,206950,99
1425853338128,206925,25
1425853340872,206950,198
1425853340878,206975,28
1425853340882,207000,24
1425853340886,206975,28
1425853343719,206950,2
1425853346552,206975,13
1425853424529,207000,24
1425853502506,207025,80
1425853521178,207050,36
1425853539850,207075,39
1425853540241,207100,22
1425853540630,207075,11
1425853541019,207100,20
1425853541498,207125,20
1425853541976,207100,4
1425853542454,207125,22
1425853543228,207150,10
1425853544002,207125,23
1425853551404,207100,20
1425853558805,207125,12
1425853566206,207100,12
1425853566207,207075,34
1425853566208,207050,35
1425853566211,207025,41
1425853566214,207000,154
1425853567840,206975,29
1425853569465,207000,111
1425853592733,207025,42
1425853616001,207000,8
1425853639269,207025,56
1425853673396,207050,52
1425853707522,207075,39
1425853732732,207100,43
1425853757940,207075,7
1425853783148,207100,20
1425853793945,207125,3
1425853804741,207100,14
1425853907446,207075,11
1425854010151,207100,160
1425854075467,207125,21
1425854140781,207100,40
1425854206095,207125,80
1425854208141,207150,57
1425854210187,207175,1
1425854212233,207150,57
1425854229351,207125,22
1425854246469,207100,37
1425854324873,207075,52
1425854403275,207050,9
1425854481677,207075,52
1425854554710,207100,42
1425854627743,207075,12
1425854700776,207100,26
1425854739094,207125,3
1425854777412,207100,44
1425854825454,207075,6
1425854873495,207100,28
1425854926395,207125,21
1425854979294,207100,3
1425855032193,207125,14
1425855113540,207150,54
1425855194886,207175,32
1425855276232,207150,53
1425855287532,207125,31
1425855298831,207100,31
1425855473328,207075,103
1425855647825,207050,413
1425855686107,207025,72
1425855724388,207050,118
1425855762669,207025,207
1425855769681,207000,72
1425855776692,207025,17
1425855783703,207000,72
1425855792256,206975,92
1425855800808,207000,5
1425855809360,206975,72
1425855820018,206950,42
1425855830676,206975,32
1425855841334,206950,92
1425855844317,206925,120
1425855847298,206950,28
1425855850279,206925,42
1425855851786,206900,32
1425855853293,206925,2
1425855854800,206900,120
1425855856052,206875,155
1425855857304,206850,17
1425855858558,-206875,1
1425855859812,206900,1
1425855862322,206875,26
1425855862385,206850,9
1425855871628,-206875,14
1425855874709,206900,7
1425855886913,206875,21
1425855899114,206900,29
1425855976524,206925,41
1425856053934,206900,207
1425856131344,206925,15
1425856147063,206950,10
1425856162780,206925,2
1425856178497,206950,41
1425856184576,206975,28
1425856190655,207000,9
1425856196734,206975,27
1425856211839,206950,3
1425856226943,206975,16
1425856281902,207000,45
1425856336860,207025,37
1425856422483,207050,186
1425856508106,207025,45
1425856539635,207000,56
1425856571164,207025,5
1425856602693,207000,23
1425856661221,206975,55
1425856719749,207000,41
1425856778277,206975,56
1425856811233,206950,16
1425856844187,206975,1
1425856877141,206950,55
1425856928571,206925,38
1425856980001,206950,22
1425857031431,206925,16
1425857118306,206900,98
1425857205181,206925,66
1425857247182,206950,42
1425857289181,206925,25
1425857331180,206950,33
1425857358750,206975,13
1425857386320,206950,18
1425857413890,206975,42
1425857491026,207000,38
1425857568160,206975,36
1425857645294,207000,13
1425857981459,207025,202
1425858317623,207000,112
1425858416020,206975,87
1425858514417,207000,132
1425858612814,206975,56
1425858736265,206950,57
1425858859715,206975,64
1425858983165,206950,87
1425859025346,206925,6
1425859067527,206950,26
1425859105099,206975,51
1425859142671,207000,20
1425859180243,206975,50
1425859210495,206950,30
1425859240746,206975,9
1425859270997,206950,25
1425859297124,206925,5
1425859323251,206950,75
1425859354548,206975,42
1425859385845,206950,69
1425859390036,206925,45
1425859394227,206900,29
1425859410072,206875,32
1425859425916,206900,79
1425859435837,206925,12
1425859445757,206900,40
1425859449437,206875,30
1425859453117,206900,23
1425859461514,206925,8
1425859485523,-206900,85
1425859492742,206875,14
1425859507179,206900,30
1425859521616,206875,28
1425859524138,206850,68
1425859526658,206825,22
1425859529178,206850,67
1425859532989,206875,13
1425859536800,206850,4
1425859540611,206875,34
1425859552446,206900,32
1425859564280,206875,37
1425859585744,206850,45
1425859607207,206825,100
1425859613850,206800,149
1425859620492,206825,27
1425859623418,206850,35
1425859626344,206825,68
1425859627685,206800,1
1425859633820,-206825,0
1425859635865,206850,0
1425859641364,206825,7
1425859671928,206800,12
1425859702491,206825,116
1425859709771,206850,8
1425859717050,206825,42
1425859736487,206800,97
1425859755924,206825,181
1425859759144,206850,32
1425859762363,206875,3
1425859765582,206850,32
1425859772827,206825,11
1425859780071,206850,5
1425859787315,206825,16
1425859824295,206800,60
1425859861274,206825,120
1425859861947,206850,31
1425859862619,206825,64
1425859893424,206800,154
1425859924228,206825,52
1425859950656,206850,19
1425859977083,206825,66
1425859987011,206800,146
1425859996938,206825,95
1425860002675,206850,6
1425860008411,206825,35
1425860011435,206800,82
1425860014459,206825,35
1425860017483,206800,18
1425860019972,206775,26
1425860022460,206800,37
1425860027016,206825,21
1425860031572,206800,1
1425860036128,206825,19
1425860093942,206850,36
1425860151756,206825,71
1425860160251,206800,36
1425860168746,206825,16
1425860177241,206800,36
1425860302849,206775,176
1425860428457,206800,299
1425860554065,206775,36
1425860603041,206750,62
1425860652017,206775,179
1425860718061,206800,84
1425860784103,206775,29
1425860850145,206800,90
1425860880161,206825,55
1425860910175,206800,61
1425860940189,206825,84
1425861037178,206850,170
1425861134167,206825,102
1425861154829,206800,108
1425861175491,206825,23
1425861196153,206800,51
1425861215770,206775,58
1425861235385,206800,2
1425861255000,206775,108
1425861506617,206750,255
1425861758233,206775,444
1425861851499,206800,105
1425861944763,206775,24
1425862038027,206800,222
1425862315729,206825,90
1425862593431,206800,280
1425862714010,206775,67
1425862834588,206800,93
1425862867230,206825,30
1425862899872,206800,4
1425862932514,206825,47
1425862958387,206850,3
1425862984260,206825,44
1425863009004,206800,119
1425863033748,206775,205
1425863040339,206750,57
1425863046929,206775,1
1425863053519,206750,103
1425863066879,206725,28
1425863080238,206750,147
1425863124906,206775,86
1425863169572,206800,34
1425863214238,206775,85
1425863219345,206750,51
1425863224451,206725,8
1425863229557,206750,51
1425863280203,206775,12
1425863330849,206750,138
1425863363782,206725,111
1425863396713,206750,49
1425863429644,206725,69
1425863495100,206700,172
1425863560555,206725,248
1425863607832,206750,16
1425863655107,206725,9
1425863702382,206750,124
1425863754955,206775,48
1425863807527,206750,183
1425863879503,206725,23
1425863951479,206750,231
1425863975726,206775,5
1425863999972,206750,20
1425864061084,206725,39
1425864122194,206750,76
1425864183304,206725,10
1425864232124,206700,2
1425864280943,206725,42
1425864352190,206750,50
1425864423437,206725,11
1425864494684,206750,21
1425864659875,206775,171
1425864825065,206800,287
1425864883338,206825,50
1425864941609,206800,1
1425864999880,206825,144
1425865023223,206850,30
1425865046564,206825,6
1425865069905,206850,50
1425865096671,206875,71
1425865123435,206850,15
1425865150199,206875,30
1425865246014,206900,164
1425865341828,206875,140
1425865367564,206850,4
1425865393299,206875,90
1425865422660,206900,56
1425865452020,206875,3
1425865481380,206900,45
1425865605145,206925,181
1425865728910,206900,127
1425865812924,206875,36
1425865896936,206900,34
1425865980948,206875,64
1425865983675,206850,106
1425865986402,206825,105
1425866017439,206800,36
1425866048474,206825,5
1425866079509,206800,53
1425866079513,206775,63
1425866079516,206750,75
1425866080837,206725,4
1425866082157,206750,129
1425866090944,206775,15
1425866099730,206750,41
1425866105645,206725,9
1425866111560,206750,40
1425866113744,206775,2
1425866115927,206750,15
1425866184011,206725,80
1425866252095,206750,130
1425866322381,206775,157
1425866392666,206750,26
1425866462951,206775,65
1425866462957,206800,40
1425866462962,206825,22
1425866462967,206800,39
1425866503025,206775,60
1425866543081,206750,13
1425866583137,206775,59
1425866597633,206800,104
1425866612129,206775,43
1425866628092,206750,12
1425866644055,206775,30
1425866829316,206800,391
1425867014577,206775,135
1425867492342,206750,176
1425867970107,206775,381
1425868447872,206750,68
1425869086696,206725,33
1425869725520,206750,585
1425869819717,206775,67
1425869913914,206750,1
1425870008111,206775,293
1425870202519,206800,104
1425870396926,206775,183
1425870520943,206750,53
1425870644959,206775,53
1425870823671,206800,27
1425871002383,206775,70
1425871003430,206750,5
1425871004477,206775,16
1425871176730,206800,87
1425871348982,206775,91
1425871484770,206750,1
1425871620557,206775,152
1425871653579,206800,11
1425871686601,206775,51
1425871794356,206750,85
1425871902111,206775,53
1425872054978,206800,8
1425872207844,206775,75
1425872462374,206750,36
1425872716903,206775,266
1425872767925,206800,35
1425872818947,206775,199
1425872958822,206750,82
1425873098695,206775,148
1425873238568,206750,100
1425873243992,206725,3
1425873249415,206750,79
1425873268743,206775,14
1425873288070,206750,24
1425873684135,206725,292
1425874080199,206750,161
1425874301191,206775,85
1425874522182,206750,21
1425874743173,206775,81
1425874873710,206800,25
1425875004246,206775,117
1425875262227,206750,22
1425875520207,206775,88
1425875751400,206800,101
1425875982592,206775,186
1425875996105,206750,7
1425876009618,206775,74
1425876033305,206800,39
1425876056991,206775,1
1425876080677,206800,37
1425876095696,206825,66
1425876110714,206850,3
1425876125732,206825,66
1425876231591,206800,36
1425876337450,206825,25
1425876443309,206800,33
1425876457797,206775,37
1425876472283,206800,9
1425876486769,206775,36
1425876759196,206750,87
1425877031621,206775,11
1425877304046,206750,37
1425877358321,206725,1
1425877412595,206750,54
1425877997340,206775,97
1425878582085,206800,295
1425878682981,206825,32
1425878783877,206800,74
1425878884773,206825,148
1425879152965,206850,111
1425879421155,206825,91
1425879689345,206850,32
1425879832806,206875,128
1425879976267,206850,62
1425880112182,206825,119
1425880248096,206850,88
1425880398958,206875,91
1425880549819,206850,44
1425880700680,206875,44
1425880740120,206900,65
1425880779560,206875,16
1425880819000,206900,91
1425880863559,206925,83
1425880908117,206900,76
1425880934606,206875,32
1425880961093,206900,5
1425880987580,206875,38
1425881011325,206850,5
1425881035069,206875,34
1425881176221,206900,78
1425881317373,206875,14
1425881458525,206900,17
1425881536591,206925,80
1425881614656,206900,11
1425881692721,206925,78
1425881995687,206950,162
1425882298653,206925,173
1425882601619,206950,80
1425882601641,206975,21
1425882602538,-206950,4
1425882602823,206925,0
1425882603567,-206950,0
1425882605799,206975,4
1425882639591,-206950,8
1425882650855,206925,4
1425882694532,206950,22
1425882780439,206975,17
1425882866345,206950,108
1425882964478,206925,8
1425883062610,206950,51
1425883207523,206975,48
1425883352435,206950,106
1425883531759,206925,2
1425883711083,206950,79
1425884055997,206975,264
1425884400910,206950,143
1425884401409,206925,7
1425884401908,206950,65
1425884408401,206975,16
1425884414894,206950,98
1425884442583,206925,75
1425884470272,206900,180
1425884541914,206875,23
1425884613556,206900,133
1425884632885,206925,84
1425884652213,206950,92
1425884654737,206975,22
1425884657260,206950,49
1425884672480,206925,9
1425884687699,206950,112
1425884712234,206975,19
1425884736769,206950,96
1425884737058,206925,13
1425884737347,206950,4
1425884737636,206925,48
1425884785313,206900,149
1425884832989,206925,187
1425884880665,206900,13
1425884895622,206875,46
1425884910579,206900,1
1425884925536,206875,149
1425884954932,206850,17
1425884984327,206875,98
1425885076289,206900,147
1425885168250,206875,233
1425885177498,-206900,2
1425885205242,206925,4
1425885242239,206900,135
1425885295868,206875,144
1425885349497,206850,42
1425885403126,206875,144
1425885403169,206900,1
1425885403212,206875,16
1425885424835,206850,21
1425885446458,206875,26
1425885447769,206900,7
1425885449080,206875,46
1425885515065,206850,21
1425885581050,206875,78
1425885649712,206900,129
1425885718373,206875,112
1425885787034,206900,39
1425885829490,206925,68
1425885871945,206900,12
1425885914400,206925,129
1425885986695,206950,273
1425886058989,206925,152
1425886071506,206900,26
1425886084023,206925,24
1425886112032,206950,56
1425886140041,206925,27
1425886168050,206950,12
1425886216210,206975,55
1425886264369,206950,111
1425886322421,206925,154
1425886380471,206900,125
1425886438521,206925,153
1425886462019,206950,88
1425886485516,206925,7
1425886509013,206950,77
1425886580549,206975,4
1425886652085,206950,148
1425886737044,206925,15
1425886822002,206950,148
1425886827265,206975,56
1425886832527,206950,40
1425886860316,206925,58
1425886888103,206900,21
1425886915890,206925,57
1425886953719,206950,105
1425886991548,206925,122
1425887029377,206950,29
1425887060414,206975,5
1425887091450,206950,48
1425887121240,206925,113
1425887151028,206950,176
1425887180816,206925,24
1425887201041,206900,136
1425887221265,206875,3
1425887241489,206900,136
1425887330252,206925,25
1425887419014,206900,247
1425887431079,206875,27
1425887443144,206900,6
1425887455209,206875,124
1425887466079,206850,27
1425887476948,206875,78
1425887521251,206900,80
1425887565552,206875,88
1425887609853,206900,39
1425887678639,206925,19
1425887747425,206900,124
1425887879402,206875,622
1425888011379,206850,347
1425888017508,206825,5
1425888023637,206850,136
1425888047604,206875,224
1425888071571,206850,224
1425888087347,206825,177
1425888103122,206800,60
1425888118897,206825,176
1425888132535,206850,7
1425888146173,206825,113
1425888152326,206800,10
1425888158479,206825,1
1425888164632,206800,57
1425888169513,206775,10
1425888174393,206800,89
1425888177209,206825,3
1425888180024,206800,39
1425888189956,206775,420
1425888199888,206800,125
1425888210686,206825,2
1425888221484,206800,129
1425888227314,206775,53
1425888233143,206750,7
1425888238972,206775,52
1425888241771,206800,2
1425888244569,206775,65
1425888248119,206750,159
1425888251668,206775,4
1425888255217,206750,33
1425888255663,206725,2
1425888256109,206750,32
1425888262518,206775,13
1425888268926,206750,158
1425888282210,206725,164
1425888295494,206750,223
1425888301392,206775,127
1425888307290,206750,48
1425888313188,206775,112
1425888330115,206800,119
1425888347042,206775,138
1425888357393,206750,52
1425888367744,206775,145
1425888378912,206800,12
1425888390080,206775,67
1425888404814,206750,71
1425888419546,206775,5
1425888434278,206750,34
1425888435133,206725,1
1425888435987,206750,78
1425888457023,206775,66
1425888478059,206750,303
1425888480898,206725,1
1425888483736,206750,134
1425888527760,206775,141
1425888571784,206750,193
1425888583585,206725,256
1425888595384,206750,173
1425888607183,206725,97
1425888608177,206700,421
1425888609169,206675,22
1425888610161,206700,420
1425888610759,206725,100
1425888611357,206700,76
1425888613025,206675,100
1425888614691,206700,98
1425888616357,206675,38
1425888616358,206650,33
1425888616377,-206675,1
1425888616396,206700,1
1425888616433,206675,98
1425888617896,206650,2
1425888619358,206675,53
1425888620270,206700,6
1425888621181,206675,65
1425888625382,206650,174
1425888629582,206675,9
1425888633782,206650,33
1425888638106,206625,12
1425888642429,206650,138
1425888648385,206675,94
1425888654341,206650,40
1425888660297,206675,69
1425888705779,206700,275
1425888751261,206675,417
1425888771650,206650,108
1425888792039,206675,241
1425888816372,206700,260
1425888840704,206675,183
1425888865036,206700,121
1425888881022,206725,15
1425888897007,206700,87
1425888898431,206675,45
1425888899855,206700,1
1425888901279,206675,44
1425888903980,206650,33
1425888906679,206675,31
1425888909378,206650,45
1425888914154,206625,145
1425888918930,206600,22
1425888923706,206625,145
1425888930800,206650,93
1425888937893,206625,41
1425888944986,206650,73
1425888947258,206675,100
1425888949528,206650,2
1425888951798,206675,93
1425888957377,206700,5
1425888962955,206675,55
1425888970164,206650,127
1425888977372,206675,2
1425888984580,206650,28
1425888985601,206625,67
1425888986621,206600,25
1425888987641,206625,66
1425888994452,206650,1
1425889001262,206625,26
1425889005885,206600,1
1425889010507,206625,82
1425889027220,206650,53
1425889043931,206625,283
1425889060642,206650,41
1425889067808,206675,26
1425889074972,206650,19
1425889082136,206675,53
1425889086231,206700,5
1425889090326,206675,90
1425889102825,206650,51
1425889115323,206675,4
1425889127821,206650,45
1425889128155,206625,1
1425889128488,206650,50
1425889136845,206675,8
1425889145201,206650,51
1425889154422,206625,50
1425889163642,206650,12
1425889175313,206675,96
1425889186983,206650,36
1425889198653,206675,6
1425889199373,206700,3
1425889200092,206675,33
1425889222645,206650,178
1425889245196,206675,114
1425889267747,206650,17
1425889268997,206625,82
1425889270245,206650,1
1425889271493,206625,178
1425889275398,206600,3
1425889279303,206625,79
1425889311739,206650,213
1425889344175,206625,73
1425889376611,206650,40
1425889384217,206675,24
1425889391823,206650,15
1425889399429,206675,213
1425889429995,206700,214
1425889460560,206725,467
1425889489215,206750,174
1425889517869,206725,91
1425889525342,206700,122
1425889532815,206675,84
1425889540288,206700,121
1425889552605,206725,82
1425889564921,206750,25
1425889577237,206725,82
1425889581230,206700,2
1425889585222,206725,69
1425889601007,206750,89
1425889616791,206725,153
1425889632575,206750,35
1425889672911,206775,138
1425889713247,206800,260
1425889717573,206825,163
1425889721899,206850,1
1425889726225,206825,162
1425889759047,206800,104
1425889791868,206825,183
1425889824689,206800,81
1425889838418,206775,38
1425889852145,206800,2
1425889865872,206775,104
1425889875815,206750,27
1425889885758,206775,4
1425889895701,206750,38
1425889910809,206725,8
1425889925916,206750,178
1425889946233,206775,77
1425889966550,206750,76
1425889975820,206725,48
1425889985089,206750,65
1425889988681,206775,95
1425889992273,206800,8
1425889995865,206775,94
1425890019556,206750,6
1425890043247,206775,86
1425890050743,206800,50
1425890058237,206825,1
1425890065731,206800,49
1425890094423,206775,86
1425890123114,206800,52
1425890129702,206825,5
1425890136290,206800,6
1425890164502,206775,20
1425890192714,206750,187
1425890201709,206725,3
1425890210703,206750,53
1425890220593,206775,74
1425890230483,206800,40
1425890241052,206825,78
1425890251619,206800,56
1425890262186,206825,20
1425890264084,206850,1
1425890265982,206825,70
1425890283420,206800,71
1425890300858,206825,15
1425890318296,206800,35
1425890330010,206775,41
1425890341723,206800,105
1425890360335,206825,58
1425890378946,206800,9
1425890386507,206775,121
1425890394068,206800,144
1425890439926,206825,5
1425890485783,206800,209
1425890493254,206775,36
1425890500724,206800,3
1425890508194,206775,105
1425890556704,206750,347
1425890605213,206775,134
1425890629364,206800,9
1425890653515,206775,30
1425890664655,206750,32
1425890675795,206775,11
1425890686935,206750,15
1425890686955,206725,3
1425890686974,206750,36
1425890712780,206775,57
1425890738585,206800,74
1425890764390,206775,56
1425890788109,206750,19
1425890811827,206775,124
1425890821748,206800,3
1425890831668,206775,27
1425890857906,206750,58
1425890884143,206775,13
1425890910380,206750,14
1425890919957,206725,72
1425890929534,206700,183
1425890932736,206675,36
1425890935938,206700,1
1425890939140,206675,92
1425890947271,206650,10
1425890955402,206675,69
1425890957468,206700,34
1425890959532,206675,3
1425890961596,206700,35
1425890966526,206725,24
1425890971456,206700,230
1425890993546,206675,69
1425891015635,206700,215
1425891026142,206725,37
1425891036648,206700,31
1425891047154,206725,108
1425891058218,206750,113
1425891069282,206775,81
1425891075764,206800,1
1425891082245,206775,60
1425891113720,206750,117
1425891145194,206775,92
1425891176668,206750,30
1425891180118,206725,48
1425891183567,206700,10
1425891187016,206725,47
1425891212986,206750,58
1425891238954,206775,30
1425891264922,206750,58
1425891269398,206725,9
1425891273874,206750,2
1425891278350,206725,29
1425891290656,206700,10
1425891302961,206725,46
1425891320821,206750,62
1425891338679,206725,8
1425891356537,206750,23
1425891387336,206775,127
1425891418134,206750,193
1425891448932,206775,62
1425891465870,206800,106
1425891482808,206825,157
1425891499746,206800,106
1425891510967,206775,22
1425891522186,206800,31
1425891533405,206775,53
1425891565875,206750,128
1425891598344,206725,39
1425891614286,206700,188
1425891630228,206675,285
1425891651417,206650,4
1425891672606,206675,547
1425891703622,206700,109
1425891734637,206725,186
1425891764909,206750,93
1425891795181,206725,116
1425891825453,206750,93
1425891873583,206775,52
1425891921711,206750,312
1425891969839,206775,93
1425891971095,206800,63
1425891972351,206775,37
1425891973607,206800,52
1425891986982,206825,46
1425892000356,206800,298
1425892013730,206825,63
1425892066504,206850,729
1425892119278,206875,460
1425892172052,206850,728
1425892196172,206825,72
1425892220292,206800,114
1425892262060,206775,90
1425892303826,206750,179
1425892345592,206775,89
1425892358607,206800,49
1425892371621,206825,5
1425892384635,206800,48
1425892391632,206775,30
1425892398629,206800,76
1425892416889,206825,42
1425892435148,206800,1
1425892453407,206825,38
1425892489575,206850,1
1425892525742,206825,96
1425892526815,206800,2
1425892527887,206825,29
1425892586602,206850,66
1425892645316,206825,194
1425892675084,206800,20
1425892704851,206825,147
1425892755650,206850,4
1425892806449,206825,239
1425892817250,206800,54
1425892828051,206825,1
1425892838852,206800,120
1425892852881,206775,122
1425892866908,206750,1
1425892880935,206775,121
1425892886880,206800,1
1425892892824,206775,40
1425892915020,206750,15
1425892937215,206775,174
1425892965704,206800,226
1425892994191,206825,5
1425893022678,206800,225
1425893157416,206775,215
1425893292152,206750,145
1425893426888,206775,214
1425893430007,206800,2
1425893433125,206775,130
1425893438135,206750,20
1425893443144,206775,101
1425893527589,206800,176
1425893612034,206775,287
1425893643870,206750,102
1425893675705,206775,148
1425893707540,206750,144
1425893721333,206725,196
1425893735125,206750,31
1425893748917,206725,102
1425893826961,206700,125
1425893905005,206725,425
1425893922934,206750,34
1425893940863,206725,60
1425893970444,206700,15
1425894000024,206725,54
1425894008112,206750,2
1425894016199,206725,162
1425894049558,206700,3
1425894082916,206725,108
1425894171418,206750,156
1425894259920,206775,451
1425894348422,206750,156
1425894394820,206725,116
1425894441217,206750,178
1425894480736,206775,66
1425894520254,206750,175
1425894524855,206725,146
1425894529455,206700,77
1425894567259,206675,39
1425894605063,206700,304
1425894610943,206725,92
1425894616823,206700,1
1425894622703,206725,152
1425894629617,206750,55
1425894636529,206775,3
1425894643441,206750,54
1425894744566,206725,238
1425894845690,206700,191
1425894862546,206675,22
1425894879401,206700,43
1425894921232,206725,183
1425894963063,206700,130
1425894982818,206675,129
1425895002573,206700,52
1425895022328,206675,65
1425895029517,206650,2
1425895036705,206675,10
1425895119996,206700,118
1425895203285,206675,90
1425895286574,206700,5
1425895318742,206725,22
1425895350910,206700,126
1425895508246,206675,246
1425895665582,206700,99
1425895703391,206725,59
1425895741199,206700,338
1425895862774,206675,356
1425895984348,206650,389
1425896013048,206625,130
1425896041747,206650,170
1425896052246,206675,2
1425896062744,206650,69
1425896086250,206625,5
1425896109756,206650,123
1425896110979,206675,19
1425896112200,206650,1
1425896113421,206675,62
1425896136875,206700,107
1425896160329,206725,78
1425896192619,206750,93
1425896224909,206725,50
1425896257199,206750,39
1425896265543,206775,1
1425896273887,206750,74
1425896285572,206725,6
1425896297257,206750,71
1425896341899,206775,59
1425896386541,206750,120
1425896431183,206775,36
1425896453824,206800,96
1425896476464,206775,82
1425896484865,206750,2
1425896493265,206775,133
1425896497789,206800,63
1425896502312,206775,2
1425896506835,206800,67
1425896513652,206825,112
1425896520468,206800,64
1425896629683,206775,173
1425896738898,206800,577
1425896848113,206775,32
1425896903006,206750,144
1425896957898,206725,41
1425897012790,206750,143
1425897036480,206775,37
1425897060170,206800,33
1425897063361,206825,2
1425897066552,206800,73
1425897078436,206775,56
1425897090320,206800,5
1425897102204,206775,37
1425897176587,206750,83
1425897250970,206775,440
1425897372832,206800,242
1425897494694,206775,289
1425897585383,206750,363
1425897676072,206775,129
1425897766761,206750,145
1425897826978,206725,262
1425897887194,206700,8
1425897947410,206725,261
1425898007563,206750,3
1425898067715,206725,707
1425898087265,206700,84
1425898106815,206725,104
1425898126365,206700,354
1425898137861,206675,4
1425898149357,206700,19
1425898392689,206725,602
1425898636021,206700,594
1425898682144,206675,327
1425898728267,206700,96
1425898740532,206725,24
1425898752797,206700,3
1425898765062,206725,48
1425898776165,206750,3
1425898787267,206725,80
1425898793830,206700,3
1425898800392,206725,25
1425898831972,206750,41
1425898863551,206725,96
1425898878428,206700,41
1425898893304,206725,19
1425898908180,206700,48
1425898917698,206675,55
1425898927215,206700,2
1425898936732,206675,41
1425898938839,206650,6
1425898940945,206675,39
1425899064205,206700,268
1425899187465,206675,360
1425899310725,206700,20
1425899370983,206725,267
1425899431241,206700,1
1425899491499,206725,268
1425899600481,206750,20
1425899709463,206725,328
1425899770744,206700,9
1425899832024,206725,137
1425899995952,206750,40
1425900159880,206725,648
1425900204234,206700,3
1425900248587,206725,195
1425900312903,206750,507
1425900377218,206775,404
1425900397381,206800,29
1425900417543,206775,107
1425900535176,206750,642
1425900652808,206775,477
1425900664246,206800,63
1425900675683,206775,22
1425900687120,206800,239
1425900719240,206825,159
1425900751360,206800,359
1425900782493,206775,143
1425900813626,206800,199
1425900857571,206825,4
1425900901516,206800,173
1425900902971,206775,24
1425900904425,206800,35
1425900955426,206825,71
1425901006425,206800,118
1425901057424,206825,18
1425901083986,206850,266
1425901110546,206825,529
1425901137106,206850,71
1425901257542,206875,479
1425901377978,206850,337
1425901498414,206875,266
1425901518455,206900,177
1425901538494,206875,25
1425901558533,206900,479
1425901568624,206925,216
1425901578714,206950,123
1425901588448,206975,257
1425901598181,206950,64
1425901607914,206975,62
1425901614688,207000,235
1425901621462,206975,223
1425901628236,207000,257
1425901633174,207025,25
1425901638112,207000,137
1425901642861,206975,7
1425901647609,207000,119
1425901650886,207025,254
1425901654161,207000,3
1425901657436,207025,60
1425901658711,207050,138
1425901659986,207025,3
1425901661261,207050,254
1425901662433,207075,93
1425901663604,207050,1
1425901664775,207075,138
1425901665125,207100,169
1425901665474,207075,3
1425901665823,207100,93
1425901667905,207125,35
1425901669986,207100,547
1425901670751,207075,82
1425901671514,207050,2
1425901672277,207075,81
1425901677179,207100,122
1425901682081,207075,236
1425901686983,207100,41
1425901696489,207125,395
1425901705994,207100,41
1425901715499,207125,122
1425901727218,207150,331
1425901738937,207125,761
1425901750656,207150,395
1425901754881,207175,271
1425901759104,207150,257
1425901763327,207175,331
1425901765417,207200,66
1425901767507,207175,76
1425901794393,207150,59
1425901821278,207175,530
1425901843456,207200,708
1425901865634,207175,469
1425901871715,207150,14
1425901877796,207175,43
1425901907647,207200,87
1425901937497,207175,353
1425901955109,207150,411
1425901972721,207175,29
1425901990333,207150,177
1425901999676,207125,170
1425902009019,207100,119
1425902014131,207075,99
1425902019243,207100,273
1425902024355,207075,60
1425902027651,207050,4
1425902030946,207075,59
1425902056890,207100,274
1425902082833,207075,125
1425902097585,207050,17
1425902112337,207075,97
1425902123306,207100,77
1425902134274,207125,90
1425902143814,207150,2
1425902153353,207125,71
1425902156858,207100,4
1425902160362,207125,51
1425902178758,207150,41
1425902197153,207125,8
1425902215548,207150,26
1425902222852,207175,119
1425902230156,207200,9
1425902237460,207175,118
1425902261022,207150,194
1425902284584,207175,30
1425902308146,207150,59
1425902345189,207125,35
1425902382231,207150,71
1425902388404,207175,77
1425902394577,207150,9
1425902400750,207175,36
1425902454836,207200,275
1425902508921,207175,559
1425902521362,207150,10
1425902533802,207175,334
1425902549973,207200,16
1425902566143,207175,148
1425902595515,207150,115
1425902624885,207175,63
1425902654255,207150,74
1425902668483,207125,1
1425902682710,207150,47
1425902691034,207175,42
1425902699356,207150,27
1425902707678,207175,24
1425902709525,207200,37
1425902711370,207175,1
1425902713215,207200,42
1425902778617,207225,842
1425902844019,207200,309
1425902885945,207175,135
1425902927871,207200,76
1425902940529,207225,96
1425902953186,207250,27
1425902965843,207225,96
1425902969084,207200,1
1425902972324,207225,205
1425902993378,207250,70
1425903014431,207225,169
1425903071548,207200,48
1425903128665,207225,234
1425903141812,207250,356
1425903154957,207225,306
1425903168102,207250,117
1425903203574,207275,203
1425903239045,207250,473
1425903245965,207225,45
1425903252884,207250,3
1425903259803,207225,237
1425903277979,207200,57
1425903296153,207225,152
1425903314327,207200,45
1425903328345,207175,195
1425903342363,207200,169
1425903356381,207175,57
1425903372800,207150,164
1425903389217,207175,31
1425903405634,207150,195
1425903410785,207125,92
1425903415934,207100,14
1425903421083,207125,91
1425903433298,207150,104
1425903445512,207125,142
1425903457726,207150,46
1425903458902,207175,1
1425903460078,207150,70
1425903481362,207125,30
1425903502646,207150,87
1425903523209,207175,5
1425903543771,207150,110
1425903554498,207125,191
1425903565225,207100,241
1425903575952,207125,191
1425903604197,207150,257
1425903632441,207175,247
1425903642163,207200,88
1425903651883,207175,104
1425903661603,207200,124
1425903671582,207225,99
1425903681560,207200,69
1425903695960,207175,73
1425903710358,207200,10
1425903724756,207175,35
1425903748121,207150,3
1425903771485,207175,70
1425903793073,207200,55
1425903814660,207175,70
1425903836247,207200,35
1425903844512,207225,110
1425903852777,207200,7
1425903861042,207225,55
1425903875651,207250,121
1425903890259,207225,8
1425903904867,207250,110
1425903913048,207275,207
1425903921227,207250,98
1425903929406,207275,121
1425903950729,207300,18
1425903972052,207275,504
1425904052339,207250,174
1425904132624,207225,408
1425904212909,207250,174
1425904226952,207275,192
1425904240993,207250,9
1425904255034,207275,87
1425904259631,207300,8
1425904264227,207275,113
1425904300382,207250,16
1425904336537,207275,203
1425904376031,207300,138
1425904415525,207275,41
1425904455019,207300,102
1425904480425,207325,275
1425904505831,207300,163
1425904558031,207275,49
1425904610230,207300,108
1425904627127,207325,4
1425904644023,207300,128
1425904698617,207275,136
1425904753211,207300,219
1425904771257,207325,121
1425904789302,207300,52
1425904807347,207325,110
1425904809228,207350,151
1425904811107,207325,3
1425904812986,207350,121
1425904819872,207375,108
1425904826758,207350,267
1425904845103,207325,166
1425904863446,207350,485
1425904881789,207325,134
1425904884283,207300,6
1425904886777,207325,202
1425904888435,207350,4
1425904890092,207325,42
1425904900992,207300,101
1425904911892,207275,156
1425904948470,207250,117
1425904985047,207275,247
1425905009713,207300,26
1425905034378,207275,245
1425905040674,207250,6
1425905046970,207275,92
1425905134300,207300,499
1425905221630,207275,283
1425905246124,207250,42
1425905270618,207275,55
1425905278155,207300,91
1425905285692,207325,1
1425905293229,207300,91
1425905300680,207275,7
1425905308131,207300,95
1425905315078,207325,187
1425905322025,207350,225
1425905336108,207375,51
1425905350190,207350,251
1425905355037,207325,2
1425905359883,207350,62
1425905373671,207375,8
1425905387458,207350,161
1425905397204,207325,2
1425905406949,207350,92
1425905430641,207375,73
1425905454333,207350,218
1425905488974,207325,20
1425905523614,207350,283
1425905589450,207375,279
1425905655286,207350,87
1425905721122,207375,142
1425905756313,207400,149
1425905791503,207375,373
1425905797234,207350,72
1425905802963,207375,387
1425905808692,207350,187
1425905832819,207325,261
1425905856944,207350,12
1425905881069,207325,72
1425905904273,207300,5
1425905927477,207325,50
1425905952588,207350,80
1425905977698,207325,97
1425906002808,207350,25
1425906021455,207375,189
1425906040101,207350,14
1425906058747,207375,80
1425906076187,207400,128
1425906093626,207375,231
1425906184434,207350,184
1425906275240,207375,186
1425906366046,207350,116
1425906384170,207325,291
1425906402294,207350,415
1425906420418,207325,184
1425906447220,207300,229
1425906474022,207325,18
1425906500824,207300,291
1425906507761,207275,202
1425906514696,207250,26
1425906521631,207275,202
1425906540566,207300,113
1425906559501,207275,235
1425906565753,207250,37
1425906572004,207275,51
1425906611969,207300,155
1425906651933,207275,170
1425906691897,207300,26
1425906696568,207325,163
1425906701239,207300,56
1425906705910,207325,155
1425906708362,207350,3
1425906710814,207325,93
1425906713571,207300,32
1425906716328,207325,1
1425906719085,207300,47
1425906732090,207275,65
1425906745093,207300,77
1425906758096,207275,32
1425906767796,207250,169
1425906777495,207275,9
1425906787194,207250,65
1425906788753,207225,6
1425906790312,207250,46
1425906811918,207275,37
1425906833524,207250,180
1425906852663,207225,156
1425906871801,207250,108
1425906890939,207225,90
1425906912260,207200,424
1425906933580,207225,228
1425906961526,207250,138
1425906989471,207225,765
1425907017416,207250,114
1425907028950,207275,19
1425907040483,207250,561
1425907069507,207225,98
1425907098531,207250,402
1425907102152,207275,1
1425907105772,207250,64
1425907118839,207225,180
1425907131905,207250,56
1425907144971,207225,32
1425907153658,207200,101
1425907162345,207225,58
1425907171032,207200,180
1425907190549,207175,134
1425907210066,207200,344
1425907229583,207175,101
1425907239297,207150,217
1425907249010,207175,71
1425907258723,207150,134
1425907262096,207125,39
1425907265469,207150,333
1425907265854,207175,3
1425907266238,207150,122
1425907278780,207125,196
1425907291320,207150,100
1425907303860,207125,61
1425907306712,207100,101
1425907309564,207125,2
1425907312416,207100,196
1425907318028,207075,83
1425907323639,207100,222
1425907329157,207125,111
1425907334675,207100,32
1425907340193,207125,111
1425907343686,207150,102
1425907347178,207125,10
1425907350670,207150,111
1425907360958,207175,7
1425907371245,207150,143
1425907374685,207125,1
1425907378124,207150,36
1425907389782,207175,2
1425907401439,207150,97
1425907404660,207125,106
1425907407880,207150,17
1425907411100,207125,49
1425907420681,207100,409
1425907430261,207125,13
1425907439841,207100,106
1425907441319,207075,1
1425907442796,207100,80
1425907450032,207125,176
1425907457267,207100,12
1425907464502,207125,40
1425907519150,207150,391
1425907573796,207125,128
1425907628442,207150,176
1425907628503,207175,3
1425907628563,207150,69
1425907641713,207125,149
1425907654862,207150,125
1425907668011,207125,35
1425907674035,207100,6
1425907680059,207125,124
1425907705860,207150,437
1425907731661,207125,220
1425907753055,207100,48
1425907774449,207125,291
1425907780702,207150,247
1425907786953,207125,7
1425907793204,207150,146
1425907795142,207175,128
1425907797078,207150,16
1425907799014,207175,247
1425907799360,207200,264
1425907799704,207175,273
1425907800048,207200,128
1425907800050,207225,72
1425907800052,207200,51
1425907800314,207175,154
1425907800576,207200,656
1425907800803,207225,55
1425907801029,207200,321
1425907801052,207175,77
1425907801075,207200,135
1425907801155,207225,168
1425907801234,207200,19
1425907801313,207225,68
1425907801319,207250,99
1425907801325,207225,117
1425907801716,207200,2
1425907802106,207225,243
1425907802362,207250,40
1425907802618,207225,127
1425907803415,207200,262
1425907804210,207225,225
1425907805005,207200,64
1425907806005,207175,566
1425907807003,207200,224
1425907808001,207175,262
1425907809463,207150,34
1425907810925,207175,456
1425907813201,207200,194
1425907815477,207175,194
1425907818018,207150,199
1425907820559,207175,58
1425907823100,207150,97
1425907823348,207125,2
1425907823596,207150,232
1425907826131,207175,151
1425907828664,207150,589
1425907831197,207175,116
1425907831820,207200,114
1425907832442,207175,314
1425907833064,207200,151
1425907836985,207225,401
1425907840904,207200,438
1425907844823,207225,114
1425907845535,207250,424
1425907846247,207225,24
1425907846959,207250,401
1425907851523,207275,473
1425907856087,207300,1097
1425907856146,207325,6
1425907856204,207300,95
1425907859382,207275,71
1425907862560,207300,709
1425907863990,207325,62
1425907865420,207300,210
1425907868008,207275,250
1425907870595,207300,169
1425907876821,207325,108
1425907883047,207300,500
1425907886788,207275,57
1425907890528,207300,536
1425907890533,207325,973
1425907890537,207350,522
1425907890543,207375,100
1425907890548,207350,6
1425907890549,207325,9
1425907890550,207350,4
1425907890572,207375,228
1425907890594,207350,724
1425907890760,207325,41
1425907890925,207350,436
1425907890927,207375,251
1425907890929,207400,23
1425907890931,207375,251
1425907890933,207350,3
1425907890934,207375,4
1425907891482,207400,2
1425907892030,207375,230
1425907893356,207350,16
1425907894682,207375,440
1425907895578,207400,200
1425907896473,207375,9
1425907897368,207400,220
1425907900084,207425,1195
1425907902799,207400,1256
1425907905226,207375,593
1425907907652,207350,372
1425907907885,207325,67
1425907908116,207350,1
1425907908347,207325,186
1425907908356,207300,5
1425907908365,207325,13
1425907909547,207350,221
1425907910728,207325,45
1425907911909,207350,7
1425907916470,207375,95
1425907921031,207350,496
1425907924339,207325,182
1425907927646,207350,151
1425907930953,207325,248
1425907931589,207300,109
1425907932225,207325,1
1425907932861,207300,182
1425907933544,207275,61
1425907934226,207300,3
1425907934908,207275,109
1425907938001,207250,685
1425907941094,207275,185
1425907944187,207250,61
1425907945778,207225,62
1425907947368,207250,250
1425907948353,207275,225
1425907949338,207250,14
1425907950323,207275,125
1425907955573,207300,103
1425907960822,207275,565
1425907961933,207250,133
1425907963042,207275,109
1425907964151,207250,283
1425907967459,207225,23
1425907970767,207250,226
1425907974470,207275,577
1425907978172,207250,494
1425907980701,207225,266
1425907983229,207250,769
1425907985757,207225,247
1425907988892,207200,296
1425907992027,207225,833
1425907992140,207250,7
1425907992252,207225,152
1425907993573,207200,63
1425907994893,207225,262
1425907998054,207250,234
1425908001215,207225,44
1425908004376,207250,131
1425908004950,207275,154
1425908005523,207250,504
1425908011571,207225,524
1425908017619,207250,554
1425908021675,207275,88
1425908025730,207250,237
1425908026840,207225,153
1425908027950,207250,4
1425908029060,207225,119
1425908029414,207200,93
1425908029767,207225,3
1425908030120,207200,153
1425908030332,207175,74
1425908030544,207200,1
1425908030756,207175,93
1425908031411,207150,156
1425908032064,207175,108
1425908032717,207150,74
1425908032756,207125,12
1425908032794,207150,70
1425908034362,207175,5
1425908035930,207150,203
1425908036199,207125,4
1425908036468,207150,136
1425908037926,207175,163
1425908039383,207150,17
1425908040840,207175,68
1425908042396,207200,191
1425908043952,207175,17
1425908045508,207200,163
1425908046833,207225,15
1425908048157,207200,228
1425908049998,207175,83
1425908051839,207200,25
1425908053680,207175,114
1425908056570,207150,20
1425908059460,207175,156
1425908060304,207200,119
1425908061148,207175,21
1425908061992,207200,78
1425908063976,207225,82
1425908065959,207200,167
1425908067942,207225,119
1425908069553,207250,275
1425908071162,207225,23
1425908072771,207250,82
1425908078363,207275,39
1425908083955,207250,646
1425908085411,207225,1
1425908086866,207250,138
1425908090080,207275,158
1425908093292,207250,2
1425908096504,207275,69
1425908098556,207300,350
1425908100608,207325,369
1425908100881,207350,292
1425908101154,207375,184
1425908101427,207350,291
1425908102852,207325,254
1425908104277,207350,290
1425908105904,207375,187
1425908107531,207350,42
1425908109158,207375,145
1425908110168,207400,30
1425908111178,207375,291
1425908112270,207350,325
1425908113362,207325,14
1425908114454,207350,324
1425908117585,207375,321
1425908120714,207350,16
1425908123843,207375,162
1425908124212,207400,6
1425908124581,207375,365
1425908125327,207350,145
1425908126072,207375,427
1425908126817,207350,183
1425908127605,207325,146
1425908128391,207350,12
1425908129177,207325,145
1425908133537,207300,472
1425908137896,207325,120
1425908142255,207300,146
1425908143014,207275,64
1425908143773,207300,175
1425908145806,207325,27
1425908147839,207300,164
1425908149836,207275,246
1425908151832,207300,373
1425908153828,207275,82
1425908156618,207250,42
1425908159407,207275,734
1425908159705,207300,2
1425908160002,207275,75
1425908160027,207250,10
1425908160051,207275,8
1425908160216,207300,1
1425908160381,207275,15
1425908161784,207250,162
1425908163186,207275,17
1425908164588,207250,8
1425908165475,207225,295
1425908166360,207250,8
1425908167245,207225,162
1425908169180,207200,317
1425908171114,207225,249
1425908173048,207200,295
1425908175377,207175,21
1425908177705,207200,249
1425908180707,207225,27
1425908183709,207200,454
1425908188416,207175,466
1425908193123,207200,742
1425908198717,207225,44
1425908204311,207200,842
1425908206673,207175,7
1425908209034,207200,129
1425908210894,207225,24
1425908212753,207200,439
1425908213117,207175,119
1425908213481,207200,2
1425908213845,207175,220
1425908215035,207150,163
1425908216223,207125,15
1425908217411,207150,163
1425908218819,207175,207
1425908220227,207150,445
1425908221635,207175,82
1425908223811,207200,24
1425908225987,207175,318
1425908232962,207150,835
1425908239937,207175,792
1425908240298,207200,189
1425908240657,207175,1
1425908241016,207200,396
1425908244690,207225,154
1425908248364,207200,297
1425908252038,207225,189
1425908252622,207250,9
1425908253206,207225,47
1425908254518,207200,204
1425908255830,207175,312
1425908256557,207150,157
1425908257282,207175,19
1425908258007,207150,156
1425908258576,207125,31
1425908259144,207150,139
1425908260527,207175,13
1425908261910,207150,421
1425908262532,207125,6
1425908263153,207150,115
1425908264519,207175,22
1425908265884,207150,116
1425908266458,207125,199
1425908267032,207150,20
1425908267606,207125,58
1425908268461,207100,66
1425908269315,207125,316
1425908271231,207150,211
1425908273146,207175,425
1425908273390,207200,117
1425908273634,207175,4
1425908273878,207200,213
1425908274082,207225,126
1425908274286,207200,5
1425908274490,207225,117
1425908277231,207250,107
1425908279971,207225,450
1425908280160,207200,43
1425908280349,207225,5
1425908280538,207200,225
1425908283521,207175,28
1425908286504,207200,204
1425908287629,207225,166
1425908288754,207200,88
1425908288955,207175,21
1425908289155,207200,52
1425908293821,207225,83
1425908298486,207200,378
1425908301947,207175,205
1425908305408,207200,255
1425908307586,207225,106
1425908309763,207200,253
1425908311940,207225,128
1425908312414,207250,10
1425908312888,207225,32
1425908313811,207200,2
1425908314734,207225,35
1425908316823,207250,82
1425908318911,207225,122
1425908320999,207250,18
1425908321240,207275,74
1425908321481,207250,2
1425908321722,207275,82
1425908322498,207300,178
1425908323273,207275,6
1425908324048,207300,74
1425908324389,207325,24
1425908324729,207300,97
1425908325744,207275,5
1425908326758,207300,110
1425908327517,207325,62
1425908328276,207300,2
1425908329035,207325,55
1425908329832,207350,148
1425908330628,207325,14
1425908331424,207350,62
1425908332233,207375,55
1425908333042,207350,227
1425908338946,207325,353
1425908344850,207350,553
1425908349647,207375,349
1425908354444,207350,501
1425908355120,207325,125
1425908355795,207350,6
1425908356470,207325,251
1425908357365,207300,87
1425908358259,207325,380
1425908360141,207350,669
1425908362022,207375,191
1425908362082,207400,509
1425908362140,207375,59
1425908362198,207400,96
1425908362906,207425,235
1425908363613,207400,624
1425908364605,207375,95
1425908365595,207400,251
1425908366585,207375,312
1425908367529,207350,376
1425908368473,207325,147
1425908370639,207300,9
1425908372804,207325,223
1425908373627,207350,3
1425908374449,207325,143
1425908376432,207300,42
1425908378415,207325,425
1425908385736,207350,749
1425908393057,207325,276
1425908393761,207300,21
1425908394464,207325,116
1425908396739,207350,100
1425908399014,207325,398
1425908401289,207350,58
1425908403674,207375,169
1425908406058,207350,465
1425908406888,207325,2
1425908407717,207350,157
1425908412295,207375,400
1425908416871,207350,19
1425908421447,207375,79
1425908425915,207400,332
1425908430381,207375,378
1425908434847,207400,400
1425908436753,207425,267
1425908438659,207400,19
1425908440565,207425,332
1425908442103,207450,383
1425908443640,207425,52
1425908445177,207450,267
1425908446864,207475,220
1425908448550,207450,688
1425908450211,207425,5
1425908451872,207450,302
1425908456101,207475,1470
1425908460329,207450,773
1425908461744,207425,8
1425908463159,207450,273
1425908463774,207475,42
1425908464389,207450,200
1425908465928,207425,181
1425908467465,207450,37
1425908469002,207425,100
1425908469526,207400,152
1425908470049,207425,9
1425908470572,207400,181
1425908472099,207375,5
1425908473625,207400,249
1425908474476,207425,437
1425908475327,207450,438
1425908479924,207475,1571
1425908484521,207450,756
1425908485174,207425,34
1425908485826,207450,126
1425908486822,207475,109
1425908487817,207450,185
1425908491101,207425,194
1425908494384,207450,398
1425908494669,207475,4
1425908494953,207450,119
1425908498410,207425,405
1425908501866,207450,591
1425908504138,207475,363
1425908506408,207500,318
1425908508678,207475,362
1425908511053,207450,298
1425908513426,207475,238
1425908515799,207450,181
1425908517221,207425,199
1425908518643,207450,138
1425908520065,207425,298
1425908520556,207400,213
1425908521047,207425,5
1425908521538,207400,199
1425908521986,207375,109
1425908522432,207400,1
1425908522878,207375,213
1425908523470,207350,313
1425908524061,207325,184
1425908525313,207300,455
1425908526563,207325,403
1425908527813,207300,92
1425908527834,207275,284
1425908527854,207300,407
1425908528016,207325,220
1425908528178,207300,13
1425908528340,207325,204
1425908529904,207350,277
1425908531467,207325,321
1425908532516,207300,319
1425908533564,207325,107
1425908534612,207300,161
1425908539665,207275,381
1425908544717,207300,1005
1425908544891,207325,1
1425908545065,207300,209
1425908546031,207275,7
1425908546996,207300,123
1425908548017,207325,1
1425908549038,207300,155
1425908552949,207275,254
1425908556859,207300,338
1425908560769,207275,78
1425908561837,207250,100
1425908562905,207275,16
1425908563973,207250,254
1425908564613,207225,72
1425908565253,207250,8
1425908565893,207225,100
1425908567494,207200,108
1425908569095,207225,49
1425908570696,207200,72
1425908572097,207175,71
1425908573498,207200,914
1425908574611,207225,122
1425908575724,207200,14
1425908576837,207225,457
1425908577787,207250,5
1425908578737,207225,491
1425908579455,207200,18
1425908580173,207225,83
1425908580839,207250,79
1425908581503,207225,20
1425908582167,207250,42
1425908582837,207275,130
1425908583507,207250,6
1425908584177,207275,79
1425908584636,207300,4
1425908585095,207275,63
1425908588148,207250,338
1425908591200,207275,384
1425908594252,207250,32
1425908596540,207225,390
1425908598827,207250,655
1425908601114,207225,338
1425908601359,207200,3
1425908601603,207225,13
1425908603009,207250,49
1425908604413,207225,56
1425908605817,207250,7
1425908613010,207275,426
1425908620203,207250,1208
1425908620727,207225,62
1425908621250,207250,5
1425908621773,207225,604
1425908624048,207200,13
1425908626323,207225,110
1425908630486,207250,500
1425908634649,207225,141
1425908635930,207200,24
1425908637210,207225,111
1425908639075,207250,74
1425908640940,207225,31
1425908642805,207250,56
1425908644882,207275,345
1425908646958,207250,152
1425908649034,207275,74
1425908650371,207300,336
1425908651707,207325,282
1425908652206,207350,5
1425908652704,207325,38
1425908655971,207300,220
1425908659238,207325,169
1425908662505,207300,19
1425908667563,207275,302
1425908672620,207300,269
1425908677677,207275,220
1425908679859,207250,264
1425908682039,207225,411
1425908684219,207250,264
1425908692707,207275,322
1425908701194,207250,249
1425908709681,207275,132
1425908712226,207300,28
1425908714770,207275,173
1425908716863,207250,186
1425908718955,207275,1
1425908721047,207250,87
1425908723037,207225,70
1425908725027,207250,1
1425908727017,207225,186
1425908727408,207200,375
1425908727797,207225,50
1425908728186,207200,70
1425908728287,207175,78
1425908728388,207200,31
1425908728489,207175,375
1425908729240,207150,281
1425908729990,207175,263
1425908730519,207200,100
1425908731047,207175,175
1425908732238,207150,156
1425908733429,207175,27
1425908734620,207150,88
1425908739356,207125,527
1425908744092,207150,450
1425908745247,207175,3
1425908746402,207150,91
1425908748342,207125,99
1425908750282,207150,308
1425908752222,207125,46
1425908753699,207100,151
1425908755176,207125,15
1425908756653,207100,99
1425908758489,207075,88
1425908760324,207100,350
1425908761367,207125,107
1425908762408,207100,16
1425908763449,207125,175
1425908764909,207150,165
1425908766367,207125,67
1425908767825,207150,107
1425908769570,207175,41
1425908771314,207150,131
1425908778775,207125,421
1425908786236,207150,1061
1425908790312,207175,5
1425908794387,207150,407
1425908796940,207125,21
1425908799492,207150,148
1425908800711,207175,5
1425908801929,207150,56
1425908802893,207125,240
1425908803856,207150,5
1425908804819,207125,28
1425908807815,207100,91
1425908810809,207125,117
1425908813803,207100,240
1425908814301,207075,322
1425908814797,207100,1
1425908815293,207075,91
1425908816098,207050,195
1425908816901,207075,53
1425908817704,207050,322
1425908818915,207025,95
1425908820126,207050,428
1425908821531,207075,212
1425908822935,207050,17
1425908824339,207075,214
1425908824842,207100,9
1425908825345,207075,828
1425908827218,207050,77
1425908829091,207075,817
1425908830102,207100,179
1425908831111,207075,29
1425908832120,207100,409
1425908835315,207125,225
1425908838510,207100,373
1425908841705,207125,179
1425908844161,207150,13
1425908846617,207125,352
1425908850477,207100,139
1425908854337,207125,363
1425908860748,207150,147
1425908867158,207125,365
1425908873568,207150,182
1425908877395,207175,692
1425908881222,207150,711
1425908887237,207125,232
1425908893250,207150,306
1425908899263,207125,356
1425908900947,207100,13
1425908902630,207125,108
1425908903814,207150,95
1425908904998,207125,5
1425908906182,207150,54
1425908914389,207175,141
1425908922596,207150,546
1425908924348,207125,679
1425908926099,207150,691
1425908926104,207175,2
1425908926109,207150,232
1425908927488,207125,5
1425908928866,207150,198
1425908931146,207175,199
1425908933425,207200,295
1425908933934,207225,113
1425908934443,207200,3
1425908934952,207225,148
1425908939165,207250,317
1425908943377,207225,348
1425908952951,207200,208
1425908962523,207225,805
1425908972095,207200,174
1425908975129,207175,179
1425908978161,207150,565
1425908981193,207175,178
1425908987498,207200,258
1425908993802,207175,562
1425909000106,207200,89
1425909002019,207225,94
1425909003931,207200,4
1425909005843,207225,258
1425909010847,207250,188
1425909015850,207225,651
1425909020463,207200,47
1425909025076,207225,439
1425909029444,207250,271
1425909033811,207275,593
1425909035637,207300,31
1425909037463,207275,330
1425909040362,207250,105
1425909043259,207275,31
1425909046156,207250,165
1425909046258,207225,34
1425909046359,207250,195
1425909049752,207275,101
1425909053144,207250,353
1425909054680,207225,77
1425909056215,207250,37
1425909057750,207225,177
1425909059202,207200,171
1425909060653,207225,7
1425909062104,207200,77
1425909064139,207175,131
1425909066173,207200,21
1425909068207,207175,171
1425909069266,207150,160
1425909070324,207175,3
1425909071382,207150,131
1425909072691,207125,253
1425909073998,207150,302
1425909075305,207125,160
1425909078184,207100,395
1425909081063,207125,255
1425909086479,207150,222
1425909091894,207125,549
1425909097309,207150,128
1425909100328,207175,208
1425909103346,207150,313
1425909108321,207125,321
1425909113296,207150,119
1425909118271,207125,157
1425909118672,207100,205
1425909119071,207125,14
1425909119470,207100,321
1425909120976,207075,151
1425909122481,207100,15
1425909123986,207075,205
1425909125068,207050,13
1425909126149,207075,552
1425909128197,207100,210
1425909130244,207125,183
1425909130388,207150,9
1425909130532,207125,66
1425909131415,207100,51
1425909132298,207125,85
1425909136064,207150,365
1425909139829,207175,431
1425909143594,207150,365
1425909145285,207125,170
1425909146975,207100,215
1425909148665,207125,169
1425909151888,207150,133
1425909155110,207125,6
1425909158332,207150,85
1425909160505,207175,129
1425909162677,207150,166
1425909166366,207125,229
1425909170053,207100,469
1425909173740,207125,228
1425909174928,207150,69
1425909176114,207125,1
1425909177300,207150,114
1425909181574,207175,5
1425909185847,207150,271
1425909186599,207125,2
1425909187351,207150,41
1425909191249,207175,80
1425909195147,207150,225
1425909199045,207175,21
1425909207688,207200,24
1425909216330,207175,632
1425909218967,207150,16
1425909221603,207175,159
1425909225168,207200,264
1425909228733,207175,3
1425909232298,207200,80
1425909233569,207225,95
1425909234840,207250,429
1425909236924,207275,395
1425909239007,207250,369
1425909239967,207225,89
1425909240927,207250,109
1425909241887,207225,185
1425909242419,207200,105
1425909242951,207225,20
1425909243483,207200,89
1425909243809,207175,190
1425909244134,207150,2
1425909244459,207175,190
1425909248225,207200,36
1425909251990,207175,328
1425909255755,207200,95
1425909256604,207225,78
1425909257452,207200,138
1425909261716,207175,169
1425909265980,207200,343
1425909270244,207175,69
1425909275414,207150,2
1425909280583,207175,266
1425909289225,207200,396
1425909297865,207175,507
1425909306505,207200,133
1425909308454,207225,26
1425909310401,207200,10
1425909312348,207225,396
1425909318474,207250,258
1425909324600,207225,277
1425909326969,207200,2
1425909329338,207225,208
1425909331838,207250,9
1425909334337,207225,293
1425909335886,207200,2
1425909337435,207225,98
1425909339201,207250,325
1425909340967,207275,180
1425909341568,207300,369
1425909342169,207275,7
1425909342770,207300,90
1425909344148,207325,121
1425909345526,207300,319
1425909346059,207275,150
1425909346591,207300,766
1425909347685,207325,154
1425909348778,207300,286
1425909349871,207325,383
1425909350950,207350,38
1425909352028,207325,333
1425909353368,207300,3
1425909354707,207325,382
1425909355135,207350,9
1425909355562,207325,79
1425909356206,207300,2
1425909356850,207325,156
1425909359388,207350,94
1425909361926,207325,126
1425909362639,207300,3
1425909363351,207325,133
1425909365117,207350,8
1425909366883,207325,197
1425909368536,207300,142
1425909370188,207325,190
1425909370922,207350,231
1425909371654,207325,4
1425909372386,207350,95
1425909372729,207375,19
1425909373072,207350,130
1425909374234,207325,104
1425909375396,207350,19
1425909376558,207325,65
1425909377144,207300,2
1425909377730,207325,46
1425909385045,207350,51
1425909392360,207325,630
1425909399619,207300,452
1425909406877,207325,283
1425909408422,207350,142
1425909409967,207325,3
1425909411512,207350,142
1425909411738,207375,5
1425909411963,207350,149
1425909417373,207325,235
1425909422781,207300,438
1425909428189,207325,235
1425909437050,207350,17
1425909445910,207325,469
1425909449478,207300,148
1425909453046,207325,331
1425909457874,207350,670
1425909462700,207325,542
1425909467526,207350,166
1425909469332,207375,181
1425909471136,207350,1
1425909472940,207375,670
1425909474905,207400,24
1425909476869,207375,141
1425909477775,207350,9
1425909478681,207375,149
1425909479858,207400,208
1425909481033,207375,5
1425909482208,207400,75
1425909483019,207425,27
1425909483829,207400,186
1425909484919,207375,1
1425909486009,207400,270
1425909486901,207425,11
1425909487792,207400,98
1425909489442,207375,3
1425909491091,207400,90
1425909494404,207425,295
1425909497717,207400,198
1425909510809,207375,382
1425909523901,207400,573
1425909536993,207375,99
1425909537680,207350,6
1425909538367,207375,122
1425909541422,207400,166
1425909544475,207425,18
1425909547528,207400,166
1425909552413,207375,109
1425909557296,207400,341
1425909562179,207375,83
1425909565573,207350,20
1425909568966,207375,370
1425909582596,207400,1844
1425909596225,207425,433
1425909598112,207450,59
1425909599999,207425,85
1425909600028,207400,2
1425909600057,207425,183
1425909600187,207450,1
1425909600316,207425,53
1425909615981,207400,631
1425909631645,207425,668
1425909634188,207450,183
1425909636729,207425,116
1425909639270,207450,334
1425909640342,207475,21
1425909641413,207450,169
1425909641716,207425,2
1425909642018,207450,38
1425909655573,207475,159
1425909669127,207450,499
1425909670309,207425,225
1425909671489,207450,2
1425909672669,207425,250
1425909681794,207400,260
1425909690919,207425,293
1425909700044,207400,225
1425909703287,207375,127
1425909706528,207400,72
1425909709769,207375,260
1425909721775,207350,918
1425909733781,207375,535
1425909734783,207400,90
1425909735785,207425,22
1425909736787,207400,89
1425909740998,207375,92
1425909745209,207400,183
1425909746036,207425,90
1425909746862,207400,11
1425909747688,207425,92
1425909756618,207450,574
1425909765547,207425,265
1425909768756,207400,9
1425909771965,207425,173
1425909776995,207450,6
1425909782025,207425,176
1425909786224,207400,100
1425909790423,207425,47
1425909794622,207400,88
1425909800298,207375,584
1425909805974,207350,240
1425909806821,207325,22
1425909807667,207350,61
1425909809471,207375,1
1425909811274,207350,124
1425909816325,207325,374
1425909821375,207350,18
1425909826425,207325,62
1425909832678,207300,352
1425909838930,207325,329
1425909845296,207350,224
1425909851661,207375,419
1425909855505,207400,293
1425909859349,207375,5
1425909863193,207400,210
1425909867415,207425,155
1425909871637,207400,180
1425909875859,207425,293
1425909879120,207450,16
1425909882380,207425,223
1425909885096,207400,260
1425909887811,207425,72
1425909894586,207450,291
1425909901361,207475,338
1425909905796,207500,219
1425909910231,207475,341
1425909914281,207450,262
1425909918329,207425,4
1425909922377,207450,261
1425909924035,207475,101
1425909925692,207450,14
1425909927349,207475,131
1425909928533,207500,231
1425909929717,207475,1
1425909930901,207500,101
1425909931769,207525,586
1425909932637,207550,252
1425909933505,207525,585
1425909936397,207500,226
1425909939289,207525,134
1425909942181,207500,293
1425909945601,207475,131
1425909949019,207500,31
1425909952437,207475,226
1425909953574,207450,4
1425909954711,207475,399
1425909959631,207500,570
1425909964551,207525,295
1425909971810,207550,897
1425909979068,207525,641
1425909980035,207500,124
1425909981002,207525,232
1425909981969,207500,321
1425909984139,207475,10
1425909986308,207500,129
1425909996098,207525,372
1425910005888,207500,286
1425910015678,207525,65
1425910017034,207550,3
1425910018390,207525,201
1425910021859,207500,282
1425910025326,207525,31
1425910028793,207500,101
1425910037859,207475,111
1425910046924,207500,338
1425910052181,207525,331
1425910057436,207500,622
1425910062691,207525,169
1425910074546,207550,405
1425910086399,207525,490
1425910098252,207550,331
1425910100721,207575,657
1425910103190,207550,14
1425910105659,207575,405
1425910112915,207600,710
1425910120169,207575,389
1425910127423,207600,657
1425910129024,207625,588
1425910130623,207600,10
1425910132222,207625,710
1425910133694,207650,84
1425910135166,207625,348
1425910136265,207600,256
1425910137364,207625,9
1425910138463,207600,174
1425910141149,207575,484
1425910143835,207600,15
1425910146521,207575,256
1425910151564,207550,572
1425910156606,207575,23
1425910161648,207550,484
1425910167712,207525,478
1425910173776,207550,31
1425910179840,207525,572
1425910188581,207500,263
1425910197321,207525,400
1425910198347,207550,12
1425910206208,-207525,451
1425910212021,207500,347
1425910223646,207525,673
1425910235271,207500,694
1425910243182,207475,132
1425910251092,207500,709
1425910258205,207525,108
1425910265317,207500,410
1425910266088,207475,2
1425910266858,207500,172
1425910269355,207525,88
1425910271851,207500,24
1425910274347,207525,86
1425910277042,207550,231
1425910279736,207525,215
1425910282189,207500,113
1425910284640,207525,418
1425910287091,207500,108
1425910289781,207475,214
1425910292469,207500,77
1425910295157,207475,113
1425910297427,207450,292
1425910299696,207475,231
1425910300661,207500,116
1425910301625,207475,16
1425910302589,207500,116
1425910312775,207525,328
1425910322961,207500,268
1425910333147,207525,116
1425910344704,207550,183
1425910356260,207525,585
1425910367816,207550,328
1425910383866,207575,529
1425910399916,207550,383
1425910407722,207525,85
1425910415526,207550,720
1425910423330,207525,192
1425910434087,207500,194
1425910444844,207525,640
1425910445511,207550,88
1425910446176,207575,2
1425910446841,207550,87
1425910452733,207525,113
1425910458624,207500,156
1425910459217,207475,186
1425910459810,207500,4
1425910460403,207475,78
1425910460641,207450,8
1425910460878,207475,97
1425910464018,207500,98
1425910467156,207475,43
1425910470294,207500,49
1425910472843,207525,113
1425910475392,207500,133
1425910477941,207525,98
1425910479921,207550,81
1425910481901,207525,1
1425910483881,207550,113
1425910485260,207575,2
1425910486638,207550,155
1425910487911,207525,163
1425910489183,207500,1
1425910490455,207525,162
1425910494747,207550,1
1425910499039,207525,157
1425910501322,207500,218
1425910503603,207475,2
1425910505884,207500,217
1425910511120,207525,276
1425910516355,207500,203
1425910518592,207475,240
1425910520828,207450,355
1425910521281,207425,241
1425910521733,207450,4
1425910522185,207425,178
1425910524713,207400,146
1425910527239,207425,78
1425910529765,207400,241
1425910529891,207375,32
1425910530017,207400,132
1425910530501,207425,389
1425910530985,207400,509
1425910531469,207425,66
1425910534774,207450,478
1425910538078,207425,1508
1425910545542,207400,353
1425910553006,207425,319
1425910554697,207450,2
1425910556388,207425,139
1425910557860,207400,20
1425910559332,207425,288
1425910560990,207450,2
1425910562648,207425,111
1425910563196,207400,154
1425910563743,207425,1
1425910564290,207400,56
1425910565411,207375,109
1425910566532,207400,2
1425910567653,207375,154
1425910572832,207350,36
1425910578010,207375,649
1425910578469,207400,77
1425910578926,207375,1
1425910579383,207400,325
1425910583784,207425,16
1425910588185,207400,263
1425910594462,207375,228
1425910600738,207400,288
1425910607864,207425,246
1425910614989,207400,334
1425910622114,207425,144
1425910625035,207450,153
1425910627956,207425,1
1425910630877,207450,246
1425910632775,207475,21
1425910634673,207450,211
1425910654010,207425,537
1425910673346,207450,500
1425910678293,207475,50
1425910683240,207450,254
1425910688401,207425,1
1425910693561,207450,175
1425910704991,207475,44
1425910716421,207450,251
1425910736579,207425,627
1425910756737,207450,1000
1425910762191,207475,218
1425910767644,207450,2
1425910773097,207475,500
1425910777974,207500,629
1425910782850,207525,80
1425910787726,207500,628
1425910801211,207475,614
1425910814695,207500,68
1425910828179,207475,314
1425910835173,207450,11
1425910842166,207475,270
1425910851911,207500,83
1425910861655,207475,9
1425910871399,207500,135
1425910876966,207525,47
1425910882532,207500,120
1425910888499,207475,23
1425910894465,207500,150
1425910897777,207525,90
1425910901089,207500,79
1425910904401,207525,75
1425910904631,207550,258
1425910904861,207525,17
1425910905091,207550,90
1425910910276,207575,453
1425910915460,207550,247
1425910918931,207525,8
1425910922402,207550,151
1425910923300,207575,223
1425910924196,207550,5
1425910925092,207575,76
1425910930006,207600,246
1425910934920,207575,262
1425910936316,207550,3
1425910937712,207575,141
1425910938556,207600,1
1425910939399,207575,66
1425910943128,207550,9
1425910946857,207575,181
1425910968195,207600,726
1425910989532,207575,841
1425910989668,207550,30
1425910989804,207575,55
1425910990110,207600,2
1425910990415,207575,60
1425910992969,207550,141
1425910995521,207575,14
1425910998073,207550,30
1425911006815,207525,256
1425911015555,207550,504
1425911024295,207525,141
1425911029247,207500,121
1425911034199,207525,317
1425911039416,207550,488
1425911044632,207525,329
1425911044961,207500,4
1425911045289,207525,98
1425911046539,207550,1
1425911047788,207525,31
1425911051129,207500,129
1425911054469,207525,2
1425911057809,207500,16
1425911061559,207475,468
1425911065308,207450,352
1425911068328,207425,213
1425911071348,207400,543
1425911072722,207375,242
1425911074094,207400,18
1425911075466,207375,272
1425911076494,207350,113
1425911077521,207375,467
1425911078170,207400,154
1425911078819,207375,3
1425911079468,207400,234
1425911079815,207425,1
1425911080161,207400,102
1425911090018,207375,827
1425911099874,207400,288
1425911100314,207425,1
1425911100754,207400,175
1425911101725,207375,170
1425911102696,207400,2
1425911103667,207375,88
1425911105765,207350,222
1425911107863,207325,214
1425911109695,207300,300
1425911111527,207325,154
1425911113359,207300,107
1425911113525,207275,372
1425911113690,207300,30
1425911113855,207275,300
1425911114543,207250,25
1425911115231,207275,280
1425911116590,207300,137
1425911117949,207275,37
1425911119308,207300,140
1425911126288,207325,416
1425911133268,207300,1140
1425911140248,207325,137
1425911144168,207350,140
1425911148088,207325,40
1425911152008,207350,416
1425911157978,207375,246
1425911163947,207350,499
1425911176089,207325,566
1425911188230,207350,1135
1425911200371,207325,250
1425911202246,207300,13
1425911204121,207325,71
1425911205457,207350,6
1425911206792,207325,65
1425911212236,207300,218
1425911217678,207325,334
1425911223120,207300,33
1425911225705,207275,74
1425911228289,207300,309
1425911236179,207325,46
1425911244068,207300,218
1425911248999,207275,2
1425911253929,207300,306
1425911260295,207325,215
1425911266660,207350,572
1425911271341,207375,256
1425911276021,207350,102
1425911280701,207375,286
1425911281719,207400,216
1425911282735,207375,11
1425911283751,207400,256
1425911285281,207425,66
1425911286811,207400,81
1425911289015,207375,275
1425911291219,207400,25
1425911293423,207375,41
1425911300049,207350,180
1425911306673,207375,306
1425911313297,207350,275
1425911317173,207325,112
1425911321047,207350,129
1425911324921,207325,180
1425911330172,207300,286
1425911335422,207275,320
1425911340672,207300,285
1425911340723,207325,1
1425911340773,207300,290
1425911341148,207275,95
1425911341521,207300,12
1425911341894,207275,145
1425911348106,207250,33
1425911354317,207275,824
1425911357121,207300,51
1425911359924,207275,306
1425911364847,207250,104
1425911369769,207275,548
1425911371444,207300,114
1425911373117,207275,1
1425911374790,207300,274
1425911377243,207325,79
1425911379696,207300,32
1425911382149,207325,114
1425911383363,207350,147
1425911384575,207375,4
1425911385787,207350,146
1425911389033,207325,8
1425911392278,207350,120
1425911394284,207375,116
1425911396288,207350,3
1425911398292,207375,60
1425911400061,207400,111
1425911401830,207375,370
1425911404954,207350,226
1425911408076,207375,39
1425911411198,207350,185
1425911418794,207325,247
1425911426389,207300,369
1425911433984,207325,247
1425911438861,207350,393
1425911443737,207325,117
1425911448613,207350,124
1425911453334,207375,238
1425911458055,207400,8
1425911462776,207375,237
1425911463681,207350,2
1425911464585,207375,33
1425911467321,207400,122
1425911470056,207375,12
1425911472791,207400,17
1425911482526,207425,560
1425911492260,207400,361
1425911493423,207375,2
1425911494586,207400,105
1425911496753,207425,93
1425911498920,207450,61
1425911501087,207425,93
1425911505069,207400,2
1425911509050,207425,179
1425911513869,207450,127
1425911518688,207425,250
1425911523507,207450,90
1425911523850,207475,14
1425911524192,207450,313
1425911524330,207425,87
1425911524467,207450,124
1425911524876,207475,104
1425911525284,207450,3
1425911525692,207475,62
1425911527043,207500,50
1425911528394,207475,208
1425911535182,207450,475
1425911541968,207475,370
1425911548754,207450,104
1425911556138,207425,328
1425911563522,207450,523
1425911570906,207425,475
1425911574474,207400,5
1425911578041,207425,302
1425911584679,207450,21
1425911591317,207425,189
1425911598881,207400,180
1425911606445,207375,176
1425911608934,207350,3
1425911611423,207375,173
1425911613542,207400,108
1425911615659,207375,2
1425911617776,207400,87
1425911622297,207425,179
1425911626818,207450,122
1425911628037,207475,13
1425911629255,207450,115
1425911629742,207425,4
1425911630228,207450,40
1425911633495,207475,113
1425911636761,207450,7
1425911640027,207475,20
1425911649935,207500,71
1425911659842,207475,267
1425911670631,207450,377
1425911681420,207475,204
1425911685203,207500,230
1425911688984,207475,70
1425911692765,207500,102
1425911693762,207525,50
1425911694758,207500,121
1425911699710,207475,92
1425911704661,207500,210
1425911705389,207525,147
1425911706117,207500,77
1425911706845,207525,105
1425911708396,207550,126
1425911709946,207525,122
1425911711390,207500,267
1425911712833,207525,88
1425911714276,207500,61
1425911715187,207475,7
1425911716097,207500,72
1425911721094,207525,2
1425911726090,207500,374
1425911727472,207475,7
1425911728853,207500,352
1425911734990,207525,260
1425911741126,207500,59
1425911747262,207525,176
1425911766838,207550,597
1425911786413,207525,1113
1425911790127,207500,271
1425911793841,207475,109
1425911794565,207450,15
1425911795288,207475,147
1425911799006,207500,64
1425911802722,207475,141
1425911806438,207500,74
1425911811659,207525,112
1425911816880,207500,119
1425911819092,207475,70
1425911821304,207500,3
1425911823516,207475,60
1425911826843,207450,202
1425911830169,207475,65
1425911833495,207450,70
1425911843282,207425,264
1425911853069,207450,180
1425911856138,207475,213
1425911859207,207450,2
1425911862276,207475,90
1425911866401,207500,291
1425911870525,207475,136
1425911874649,207500,213
1425911877038,207525,2
1425911879426,207500,27
1425911887757,207475,346
1425911896087,207450,11
1425911904417,207475,346
1425911907013,207500,102
1425911909607,207525,1
1425911912201,207500,102
1425911923586,207475,300
1425911934969,207500,555
1425911946352,207475,51
1425911946792,207450,4
1425911947231,207475,46
1425911949190,207500,53
1425911951149,207475,201
1425911959015,207450,101
1425911966879,207475,666
1425911974743,207450,101
1425911975727,207425,81
1425911976711,207450,4
1425911977695,207425,101
1425911978405,207400,95
1425911979115,207425,5
1425911979825,207400,81
1425911981533,207375,14
1425911983240,207400,194
1425911983297,207425,1
1425911983354,207400,71
1425911991467,207375,323
1425911999579,207400,257
1425912007691,207375,36
1425912011652,207350,237
1425912015613,207375,382
1425912019574,207350,323
1425912021918,207325,139
1425912024262,207350,185
1425912029643,207375,282
1425912035023,207350,55
1425912040403,207375,93
1425912048203,207400,418
1425912056001,207425,31
1425912063799,207400,417
1425912072928,207375,4
1425912082056,207400,295
1425912087176,207425,183
1425912092296,207400,1
1425912097416,207425,148
1425912105077,207450,211
1425912112738,207425,796
1425912118414,207400,92
1425912124089,207425,178
1425912127757,207450,194
1425912131424,207475,244
1425912134970,207500,68
1425912138515,207475,175
1425912143868,207450,1
1425912149221,207475,82
1425912150772,207500,99
1425912152322,207475,10
1425912153872,207500,41
1425912157673,207525,319
1425912161474,207500,494
1425912165275,207525,99
1425912166715,207550,108
1425912168154,207525,2
1425912169593,207550,319
1425912175423,207575,112
1425912181252,207550,265
1425912181844,207525,92
1425912182435,207550,1
1425912183026,207525,133
1425912184807,207500,6
1425912186587,207525,88
1425912191036,207550,186
1425912195485,207525,247
1425912199934,207550,44
1425912206240,207575,141
1425912212545,207550,10
1425912218850,207575,186
1425912218967,207600,36
1425912219083,207575,113
1425912220556,207550,79
1425912222028,207575,193
1425912223500,207550,57
1425912227069,207525,15
1425912230638,207550,59
1425912233433,207575,224
1425912236226,207550,2
1425912239019,207575,30
1425912241995,207600,332
1425912244971,207575,37
1425912247947,207600,224
1425912253770,207625,248
1425912259593,207600,436
1425912264489,207575,109
1425912269384,207600,4
1425912274279,207575,218
1425912274830,207550,4
1425912275381,207575,132
1425912285827,207600,49
1425912296273,207575,403
1425912297548,207550,44
1425912298823,207575,3
1425912300098,207550,202
1425912301778,207525,57
1425912303457,207550,293
1425912308817,207575,123
1425912314177,207550,88
1425912319537,207575,147
1425912322552,207600,13
1425912325566,207575,385
1425912329033,207550,21
1425912332499,207575,257
1425912335346,207600,366
1425912338191,207575,23
1425912341036,207600,129
1425912351735,207625,93
1425912362433,207600,495
1425912370531,207575,3
1425912378628,207600,432
1425912380977,207625,3
1425912383326,207600,78
1425912384611,207575,1
1425912385896,207600,30
1425912393127,207625,5
1425912400357,207600,87
1425912416833,207575,826
1425912433308,207600,532
1425912449783,207575,44
1425912460403,207550,34
1425912471023,207575,545
1425912476664,207600,75
1425912482304,207575,46
1425912487944,207600,273
1425912495924,207625,22
1425912503904,207600,447
1425912504616,207575,192
1425912505327,207600,42
1425912506038,207575,224
1425912517179,207550,871
1425912528320,207575,277
1425912538875,207600,127
1425912549429,207575,254
1425912559983,207600,139
1425912574006,207625,498
1425912588028,207600,674
1425912602050,207625,127
1425912628627,207650,606
1425912655203,207625,2083
1425912681779,207650,498
1425912681789,207675,398
1425912681799,207650,1
1425912681809,207675,606
1425912681836,207700,372
1425912681861,207675,1
1425912681886,207700,398
1425912681908,207725,82
1425912681929,207700,525
1425912682448,207675,139
1425912682967,207700,96
1425912683486,207675,263
1425912686439,207650,102
1425912689391,207675,434
1425912699272,207700,970
1425912709153,207675,752
1425912709401,207650,3
1425912709649,207675,61
1425912711240,207700,1
1425912712830,207675,223
1425912714597,207650,388
1425912716362,207675,5
1425912718127,207650,112
1425912724984,207625,152
1425912731839,207650,27
1425912738694,207625,388
1425912750168,207600,363
1425912761642,207625,101
1425912773116,207600,152
1425912774659,207575,16
1425912776202,207600,275
1425912778599,207625,127
1425912780995,207600,162
1425912783391,207625,138
1425912805274,207650,65
1425912827157,207625,715
1425912829889,207600,3
1425912832620,207625,200
1425912845815,207650,226
1425912859009,207625,476
1425912872203,207650,100
1425912874505,207675,217
1425912876805,207650,279
1425912879105,207675,226
1425912880161,207700,77
1425912881217,207675,312
1425912884164,207650,224
1425912887111,207625,3
1425912890058,207650,223
1425912891469,207675,24
1425912892879,207650,106
1425912902607,207625,224
1425912912334,207650,278
1425912922061,207625,53
1425912934192,207600,8
1425912946322,207625,425
1425912961709,207650,27
1425912977096,207625,784
1425912980802,207600,191
1425912984507,207575,401
1425912986641,207550,213
1425912988775,207575,15
1425912990909,207550,201
1425913002389,207525,495
1425913013869,207550,780
1425913020142,207575,243
1425913026414,207550,435
1425913031000,207525,2
1425913035585,207550,269
1425913038547,207575,7
1425913041509,207550,329
1425913047865,207525,271
1425913054220,207550,620
1425913060575,207525,165
1425913063615,207500,402
1425913066655,207525,655
1425913069695,207500,271
1425913072724,207475,59
1425913075752,207500,474
1425913078191,207525,141
1425913080628,207500,69
1425913083065,207525,237
1425913103423,207550,325
1425913123780,207525,66
1425913144137,207550,141
1425913160234,207575,572
1425913176331,207550,440
1425913184221,207525,465
1425913192111,207550,69
1425913200001,207525,220
1425913206327,207500,438
1425913212653,207525,218
1425913218979,207500,465
1425913222016,207475,521
1425913225053,207450,72
1425913228090,207475,520
1425913238674,207500,188
1425913249257,207475,505
1425913259840,207500,260
1425913262349,207525,138
1425913264857,207500,23
1425913267365,207525,188
1425913267791,207550,6
1425913268217,207525,196
1425913272851,207500,49
1425913277484,207525,160
1425913281303,207550,287
1425913285121,207575,10
1425913288939,207550,287
1425913292940,207525,74
1425913296941,207550,66
1425913300942,207525,144
1425913319970,207500,576
1425913338996,207525,33
1425913358022,207500,74
1425913363804,207475,223
1425913369586,207500,231
1425913375368,207475,576
1425913381276,207450,242
1425913387184,207475,18
1425913393092,207450,223
1425913395391,207425,134
1425913397689,207450,5
1425913399987,207425,242
1425913400835,207400,120
1425913401683,207425,185
1425913402531,207400,134
1425913402925,207375,110
1425913403317,207400,60
1425913403709,207375,120
1425913407957,207350,418
1425913412203,207375,625
1425913416449,207350,110
1425913423130,207325,620
1425913429810,207350,803
1425913430936,207375,124
1425913432062,207350,16
1425913433188,207375,402
1425913435834,207400,8
1425913438480,207375,144
1425913439402,207350,20
1425913440323,207375,96
1425913440855,207400,4
1425913441386,207375,49
1425913443146,207350,244
1425913444906,207375,20
1425913446666,207350,25
1425913447695,207325,209
1425913448724,207350,203
1425913451418,207375,19
1425913454111,207350,151
1425913455267,207325,2
1425913456423,207350,53
1425913460019,207375,223
1425913463615,207350,8
1425913467211,207375,27
1425913473692,207400,109
1425913480173,207375,111
1425913486654,207400,223
1425913489246,207425,8
1425913491838,207400,213
1425913496129,207375,6
1425913500419,207400,95
1425913510765,207425,464
1425913521109,207400,56
1425913531453,207425,48
1425913537026,207450,320
1425913542598,207425,1
1425913548170,207450,464
1425913550270,207475,212
1425913552369,207450,1
1425913554468,207475,320
1425913556016,207500,91
1425913557562,207475,22
1425913559108,207500,212
1425913565211,207525,48
1425913571313,207500,333
1425913573831,207475,119
1425913576348,207500,7
1425913578865,207475,167
1425913580307,207450,5
1425913581748,207475,43
1425913599188,207500,551
1425913616627,207475,941
1425913624574,207450,4
1425913632520,207475,152
1425913641007,207500,314
1425913649494,207475,604
1425913657981,207500,76
1425913661935,207525,625
1425913665888,207550,196
1425913680700,207575,432
1425913695511,207550,1093
1425913695745,207525,125
1425913695977,207500,1
1425913696209,207525,124
1425913698038,207550,82
1425913699865,207525,2
1425913701692,207550,62
1425913706349,207575,3
1425913711005,207550,260
1425913712519,207525,1
1425913714033,207550,44
1425913718018,207575,100
1425913722001,207550,249
1425913725984,207575,22
1425913726526,207600,34
1425913727068,207575,156
1425913734414,207550,5
1425913741760,207575,243
1425913749911,207600,13
1425913758062,207575,130
1425913768607,207550,292
1425913779152,207575,12
1425913789697,207550,65
1425913796802,207525,347
1425913803905,207550,7
1425913811008,207525,292
1425913813192,207500,78
1425913815376,207525,11
1425913817560,207500,347
1425913832354,207475,127
1425913847148,207500,295
1425913850734,207525,146
1425913854319,207500,2
1425913857904,207525,148
1425913874266,207550,527
1425913890627,207525,830
1425913899932,207500,4
1425913909236,207525,189
1425913924067,207550,173
1425913938898,207525,275
1425913948298,207500,166
1425913957698,207525,77
1425913967098,207500,138
1425913970482,207475,294
1425913973866,207450,12
1425913977250,207475,293
1425913979928,207500,99
1425913982606,207475,190
1425913985284,207500,147
1425914012980,207525,596
1425914040675,207550,317
1425914068370,207525,596
1425914077292,207500,318
1425914086213,207475,16
1425914095134,207500,317
1425914105995,207525,350
1425914116854,207500,19
1425914127713,207525,159
1425914131767,207550,105
1425914135820,207525,3
1425914139873,207550,350
1425914143627,207575,217
1425914147380,207550,2
1425914151133,207575,105
1425914154085,207600,383
1425914157036,207575,1
1425914159987,207600,217
1425914161481,207625,256
1425914162973,207650,565
1425914164465,207625,256
1425914169006,207600,12
1425914173546,207625,367
1425914179529,207650,291
1425914185510,207625,17
1425914191491,207650,184
1425914196935,207675,541
1425914202379,207650,251
1425914203891,207625,1
1425914205402,207650,54
1425914222001,207675,108
1425914238600,207650,1335
1425914240578,207625,303
1425914242555,207650,28
1425914244532,207625,668
1425914251714,207600,329
1425914258894,207625,20
1425914266074,207600,303
1425914277467,207575,146
1425914288859,207600,549
1425914295240,207625,176
1425914301619,207600,11
1425914307998,207625,275
1425914317640,207650,76
1425914327281,207625,170
1425914337393,207600,214
1425914347503,207625,2
1425914357613,207600,85
1425914367612,207575,343
1425914377611,207600,568
1425914387610,207575,214
1425914394666,207550,173
1425914401721,207575,433
1425914417689,207600,134
1425914433656,207575,616
1425914441409,207550,145
1425914449162,207575,18
1425914456915,207550,308
1425914460406,207525,195
1425914463896,207550,6
1425914467386,207525,145
1425914470264,207500,208
1425914473142,207525,259
1425914477624,207550,7
1425914482106,207525,274
1425914483400,207500,115
1425914484692,207525,2
1425914485984,207500,137
1425914488586,207475,179
1425914491188,207500,8
1425914493790,207475,115
1425914496284,207450,47
1425914498778,207475,238
1425914498978,207500,1
1425914499178,207475,105
1425914499855,207450,1
1425914500532,207475,31
1425914503517,207500,4
1425914506501,207475,119
1425914510113,207450,98
1425914513724,207475,220
1425914517335,207450,60
1425914519362,207425,171
1425914521389,207450,138
1425914534060,207475,237
1425914546730,207450,203
1425914559400,207475,69
1425914571959,207500,11
1425914584517,207475,472
1425914595397,207450,6
1425914606277,207475,250
1425914612448,207500,266
1425914618618,207525,17
1425914624788,207500,266
1425914640892,207475,489
1425914656996,207500,181
1425914660922,207525,290
1425914664848,207500,3
1425914668774,207525,91
1425914678696,207550,13
1425914688618,207525,628
1425914690917,207500,20
1425914693215,207525,167
1425914699049,207550,220
1425914704882,207525,434
1425914718352,207500,462
1425914731822,207525,273
1425914737906,207550,79
1425914743989,207525,79
1425914750072,207550,137
1425914754352,207575,52
1425914758632,207550,386
1425914760832,207525,98
1425914763032,207550,277
1425914765538,207575,98
1425914768042,207550,221
1425914770546,207575,139
1425914780231,207600,78
1425914789916,207575,417
1425914796629,207550,5
1425914803342,207575,196
1425914804392,207600,195
1425914805442,207575,2
1425914806492,207600,98
1425914810624,207625,104
1425914814756,207600,65
1425914818888,207625,195
1425914820551,207650,221
1425914822212,207625,4
1425914823873,207650,104
1425914825648,207675,94
1425914827422,207650,6
1425914829196,207675,221
1425914832410,207700,452
1425914835624,207675,279
1425914848723,207650,654
1425914861821,207625,919
1425914866029,207600,21
1425914870237,207625,142
1425914887940,207650,226
1425914905643,207625,568
1425914923346,207650,71
1425914924174,207675,142
1425914925002,207650,5
1425914925830,207675,226
1425914929450,207700,89
1425914933070,207675,30
1425914936690,207700,142
1425914936909,207725,236
1425914937127,207700,560
1425914945237,207675,370
1425914953347,207700,257
1425914956811,207725,606
1425914960274,207750,590
1425914960597,207775,370
1425914960918,207750,246
1425914961239,207775,295
1425914963164,207800,570
1425914965089,207775,561
1425914965937,207750,167
1425914966784,207775,10
1425914967631,207750,281
1425914970177,207725,137
1425914972722,207750,64
1425914975267,207725,167
1425914981913,207700,333
1425914988559,207725,278
1425914995205,207700,137
1425914996756,207675,231
1425914998306,207700,6
1425914999856,207675,333
1425915002111,207650,50
1425915004366,207675,261
1425915007085,207700,131
1425915009802,207675,19
1425915012519,207700,131
1425915022979,207725,974
1425915033438,207700,607
1425915034690,207675,12
1425915035941,207700,114
1425915040289,207725,139
1425915044636,207700,76
1425915048983,207725,57
1425915049457,207750,7
1425915049931,207725,124
1425915055642,207700,51
1425915061353,207725,589
1425915062869,207750,1
1425915064384,207725,161
1425915074040,207700,114
1425915083695,207725,316
1425915087020,207750,13
1425915090344,207725,457
1425915095439,207700,284
1425915100533,207725,12
1425915105627,207700,229
1425915108985,207675,13
1425915112342,207700,381
1425915113188,207725,2
1425915114034,207700,114
1425915119404,207675,7
1425915124773,207700,206
1425915132097,207725,226
1425915139421,207700,213
1425915146745,207725,103
1425915153665,207750,1
1425915160585,207725,185
1425915166913,207700,12
1425915173240,207725,60
1425915180648,207750,4
1425915188055,207725,666
1425915196329,207700,18
1425915204602,207725,263
1425915212520,207750,40
1425915220437,207725,218
1425915227933,207700,207
1425915235428,207725,549
1425915242923,207700,109
1425915261723,207675,871
1425915280521,207700,1649
1425915299319,207675,207
1425915305202,207650,14
1425915311084,207675,245
1425915323077,207700,447
1425915335069,207675,249
1425915336497,207650,28
1425915337925,207675,225
1425915355140,207700,142
1425915372353,207675,649
1425915389566,207700,113
1425915397788,207725,223
1425915406008,207700,102
1425915414228,207725,142
1425915430555,207750,730
1425915446881,207725,879
1425915451290,207700,198
1425915455697,207725,1
1425915460104,207700,440
1425915464605,207675,542
1425915469106,207650,250
1425915473607,207675,541
1425915490911,207700,2
1425915508215,207675,393
1425915522794,207650,580
1425915537372,207675,1012
1425915551950,207650,197
1425915559364,207625,863
1425915566778,207650,257
1425915569989,207675,2
1425915573200,207650,155
1425915591057,207625,361
1425915608913,207650,134
1425915609301,207675,2
1425915609688,207650,79
1425915616132,207625,14
1425915622575,207650,316
1425915633700,207675,188
1425915644824,207650,3
1425915655948,207675,158
1425915663857,207700,223
1425915671765,207725,582
1425915677966,207750,50
1425915684167,207725,161
1425915688778,207700,3
1425915693388,207725,100
1425915698877,207750,282
1425915704365,207775,88
1425915709853,207750,282
1425915725298,207725,159
1425915740742,207750,619
1425915777858,207775,927
1425915814972,207750,487
1425915852086,207775,310
1425915867680,207800,238
1425915883273,207775,585
1425915894854,207750,204
1425915906434,207775,521
1425915918014,207750,293
1425915919620,207725,248
1425915921226,207750,2
1425915922832,207725,204
1425915924469,207700,6
1425915926105,207725,65
1425915935726,207750,19
1425915945347,207725,364
1425915953546,207700,175
1425915961745,207725,7
1425915969944,207700,182
1425915971783,207675,276
1425915973621,207700,4
1425915975459,207675,175
1425915980850,207650,75
1425915986241,207675,387
1425915986908,207700,7
1425915987575,207675,74
1425915987857,207650,1
1425915988139,207675,63
1425915993936,207700,1
1425915999733,207675,516
1425916003332,207650,1
1425916006931,207675,149
1425916014329,207700,174
1425916021727,207675,22
1425916029125,207700,75
1425916038552,207725,9
1425916047978,207700,656
1425916052974,207675,8
1425916057970,207700,111
1425916069212,207725,406
1425916080453,207700,379
1425916098731,207675,28
1425916117009,207700,438
1425916133801,207725,26
1425916150593,207700,583
1425916157497,207675,247
1425916164400,207700,100
1425916171303,207675,292
1425916174825,207650,2
1425916178346,207675,58
1425916185719,207700,12
1425916193091,207675,72
1425916201545,207650,57
1425916209999,207675,571
1425916211693,207700,4
1425916213387,207675,45
1425916222338,207650,150
1425916231288,207675,61
1425916240238,207650,23
1425916250068,207625,316
1425916259896,207650,25
1425916269724,207625,150
1425916271264,207600,159
1425916272803,207625,96
1425916274342,207600,316
1425916275199,207575,166
1425916276054,207600,5
1425916276909,207575,159
1425916279229,207550,183
1425916281547,207575,5
1425916283865,207550,166
1425916287479,207525,132
1425916291093,207550,490
1425916299845,207575,282
1425916308597,207550,404
1425916310784,207525,291
1425916312971,207550,192
1425916317293,207575,95
1425916321613,207550,13
1425916325933,207575,96
1425916328427,207600,9
1425916330920,207575,151
1425916344545,207550,325
1425916358168,207575,175
1425916371791,207550,76
1425916374615,207525,76
1425916377439,207550,14
1425916380263,207525,325
1425916383799,207500,431
1425916387333,207525,49
1425916390867,207500,76
1425916390881,207475,102
1425916390895,207500,327
1425916397149,207525,65
1425916403402,207500,218
1425916403604,207475,1
1425916403806,207500,29
1425916404859,207525,1
1425916405912,207500,219
1425916407171,207475,1
1425916408429,207500,183
1425916408959,207525,1
1425916409489,207500,180
1425916411350,207475,139
1425916413211,207500,4
1425916415072,207475,90
1425916415275,207450,19
1425916415477,207475,125
1425916419140,207500,118
1425916422802,207475,86
1425916426464,207500,63
1425916429431,207525,15
1425916432398,207500,286
1425916445264,207475,661
1425916458130,207500,218
1425916470549,207525,370
1425916482967,207500,536
1425916491406,207475,326
1425916499844,207500,129
1425916508282,207475,268
1425916524191,207450,281
1425916540100,207475,585
1425916546701,207500,5
1425916553302,207475,555
1425916562649,207450,62
1425916571995,207475,676
1425916572351,207500,2
1425916572706,207475,103
1425916590355,207450,80
1425916608004,207475,700
1425916616531,207500,393
1425916625057,207525,317
1425916633887,207550,515
1425916642716,207575,246
1425916651545,207550,515
1425916654442,207525,3
1425916657338,207550,43
1425916660698,207575,253
1425916664057,207600,75
1425916667416,207575,252
1425916671604,207550,108
1425916675792,207575,4
1425916679980,207550,126
1425916712505,207525,559
1425916745028,207550,567
1425916777551,207525,108
1425916779939,207500,15
1425916782327,207525,121
1425916789701,207550,213
1425916797075,207525,227
1425916800236,207500,1
1425916803396,207525,154
1425916806422,207550,63
1425916809446,207525,12
1425916812470,207550,77
1425916818237,207575,194
1425916824003,207550,97
1425916829769,207575,63
1425916831256,207600,2
1425916832742,207575,133
1425916838721,207550,74
1425916844700,207575,206
1425916851997,207600,27
1425916859294,207575,305
1425916861262,207550,139
1425916863229,207575,3
1425916865196,207550,153
1425916888409,207525,397
1425916911621,207550,28
1425916934833,207525,139
1425916936686,207500,136
1425916938539,207525,1
1425916940392,207500,397
1425916941801,207475,64
1425916943209,207500,5
1425916944617,207475,136
1425916946786,207450,302
1425916948955,207475,2
1425916951124,207450,64
1425916951426,207425,241
1425916951728,207450,1
1425916952030,207425,302
1425916952680,207400,90
1425916953329,207425,314
1425916957338,207450,52
1425916961346,207425,195
1425916963637,207400,189
1425916965927,207425,5
1425916968217,207400,98
1425916969321,207375,172
1425916970424,207400,4
1425916971527,207375,189
1425916972079,207350,73
1425916972631,207375,245
1425916976439,207400,11
1425916980246,207375,414
1425916980408,207350,4
1425916980569,207375,40
1425916981701,207400,118
1425916982832,207375,40
1425916983963,207400,20
1425916988206,207425,148
1425916992449,207400,147
1425916996692,207425,118
1425917000300,207450,19
1425917003908,207425,242
1425917023243,207400,109
1425917042577,207425,268
1425917047145,207450,21
1425917051713,207425,125
